<?xml version="1.0" encoding="UTF-8"?>
<!DOCTYPE html PUBLIC "-//W3C//DTD XHTML 1.0 Transitional//EN"
    "http://www.w3.org/TR/xhtml1/DTD/xhtml1-transitional.dtd">
<html xmlns="http://www.w3.org/1999/xhtml" xml:lang="en" lang="en">
 <head>
  <title>
</title>
<meta http-equiv="Content-Type" content="text/html;charset=utf-8" />
  <meta name='ocr-system' content='tesseract 3.04.00' />
  <meta name='ocr-capabilities' content='ocr_page ocr_carea ocr_par ocr_line ocrx_word'/>
</head>
<body>
  <div class='ocr_page' id='page_1' title='image "./quaestionesdear00droygoog_0093.png"; bbox 0 0 2724 4958; ppageno 0'>
   <div class='ocr_carea' id='block_1_1' title="bbox 411 462 930 557">
    <p class='ocr_par' dir='ltr' id='par_1_1' title="bbox 411 462 930 557">
     <span class='ocr_line' id='line_1_1' title="bbox 411 462 930 557; baseline -0.004 -22"><span class='ocrx_word' id='word_1_1' title='bbox 411 462 547 536; x_wconf 83' lang='lat' dir='ltr'><strong>dextrae</strong></span> <span class='ocrx_word' id='word_1_2' title='bbox 568 469 705 557; x_wconf 85' lang='lat' dir='ltr'><strong>periaoti</strong></span> <span class='ocrx_word' id='word_1_3' title='bbox 723 469 930 535; x_wconf 89' lang='lat' dir='ltr'><strong>retrorotatio</strong></span> 
     </span>
    </p>
   </div>
   <div class='ocr_carea' id='block_1_2' title="bbox 130 601 698 764">
    <p class='ocr_par' dir='ltr' id='par_1_2' title="bbox 130 601 698 764">
     <span class='ocr_line' id='line_1_2' title="bbox 131 601 694 675; baseline -0.004 -17"><span class='ocrx_word' id='word_1_4' title='bbox 131 601 286 675; x_wconf 74' lang='grc' dir='ltr'><strong><em>θεράπαινα</em></strong></span> <span class='ocrx_word' id='word_1_5' title='bbox 530 605 599 655; x_wconf 88' lang='grc'>1112</span> <span class='ocrx_word' id='word_1_6' title='bbox 668 604 694 656; x_wconf 91' lang='lat' dir='ltr'>D</span> 
     </span>
     <span class='ocr_line' id='line_1_3' title="bbox 130 688 698 764; baseline -0.004 -20"><span class='ocrx_word' id='word_1_7' title='bbox 130 696 272 764; x_wconf 74' lang='grc' dir='ltr'><em>Βλέπυρος</em></span> <span class='ocrx_word' id='word_1_8' title='bbox 288 688 459 763; x_wconf 67' lang='grc' dir='ltr'><strong>μείρακες119</strong></span> <span class='ocrx_word' id='word_1_9' title='bbox 537 691 605 743; x_wconf 82' lang='grc'>1128</span> <span class='ocrx_word' id='word_1_10' title='bbox 675 690 698 742; x_wconf 91' lang='grc' dir='ltr'>Β</span> 
     </span>
    </p>
   </div>
   <div class='ocr_carea' id='block_1_3' title="bbox 133 839 1265 1126">
    <p class='ocr_par' dir='ltr' id='par_1_3' title="bbox 133 839 1265 1126">
     <span class='ocr_line' id='line_1_4' title="bbox 232 839 1228 908; baseline -0.004 0"><span class='ocrx_word' id='word_1_11' title='bbox 232 845 324 908; x_wconf 86' lang='lat' dir='ltr'><strong>Inter</strong></span> <span class='ocrx_word' id='word_1_12' title='bbox 342 841 433 906; x_wconf 85' lang='lat' dir='ltr'><strong>chori</strong></span> <span class='ocrx_word' id='word_1_13' title='bbox 453 841 576 905; x_wconf 81' lang='lat' dir='ltr'><strong>cantica</strong></span> <span class='ocrx_word' id='word_1_14' title='bbox 607 839 811 904; x_wconf 85' lang='lat' dir='ltr'><strong>descendunt</strong></span> <span class='ocrx_word' id='word_1_15' title='bbox 838 840 1016 905; x_wconf 81' lang='lat' dir='ltr'>histriones</span> <span class='ocrx_word' id='word_1_16' title='bbox 1045 840 1082 903; x_wconf 91' lang='lat' dir='ltr'><strong>in</strong></span> <span class='ocrx_word' id='word_1_17' title='bbox 1112 840 1228 905; x_wconf 80' lang='lat' dir='ltr'><strong>orche-</strong></span> 
     </span>
     <span class='ocr_line' id='line_1_5' title="bbox 133 939 1228 1028; baseline -0.006 -18"><span class='ocrx_word' id='word_1_18' title='bbox 133 954 242 1026; x_wconf 82' lang='lat' dir='ltr'><strong>stram,</strong></span> <span class='ocrx_word' id='word_1_19' title='bbox 265 966 362 1028; x_wconf 92' lang='lat' dir='ltr'><strong>quam</strong></span> <span class='ocrx_word' id='word_1_20' title='bbox 384 963 481 1005; x_wconf 84' lang='lat' dir='ltr'><strong>versu</strong></span> <span class='ocrx_word' id='word_1_21' title='bbox 506 940 585 1004; x_wconf 87' lang='lat'>1181</span> <span class='ocrx_word' id='word_1_22' title='bbox 611 963 773 1004; x_wconf 85' lang='lat' dir='ltr'><strong>unacum</strong></span> <span class='ocrx_word' id='word_1_23' title='bbox 797 940 960 1005; x_wconf 86' lang='lat' dir='ltr'><strong>choreutis</strong></span> <span class='ocrx_word' id='word_1_24' title='bbox 984 941 1097 1024; x_wconf 89' lang='lat' dir='ltr'><strong>(porta</strong></span> <span class='ocrx_word' id='word_1_25' title='bbox 1121 939 1151 1002; x_wconf 83' lang='lat' dir='ltr'>F</span> <span class='ocrx_word' id='word_1_26' title='bbox 1174 960 1228 1003; x_wconf 85' lang='lat' dir='ltr'><strong>ex·</strong></span> 
     </span>
     <span class='ocr_line' id='line_1_6' title="bbox 136 1034 1265 1126; baseline -0.01 -18"><span class='ocrx_word' id='word_1_27' title='bbox 136 1047 265 1126; x_wconf 87' lang='lat' dir='ltr'><strong>euntes)</strong></span> <span class='ocrx_word' id='word_1_28' title='bbox 289 1042 488 1126; x_wconf 89' lang='lat' dir='ltr'><strong>relinquunt.</strong></span> <span class='ocrx_word' id='word_1_29' title='bbox 1262 1034 1265 1043; x_wconf 84' lang='lat'>&#39;</span> 
     </span>
    </p>
   </div>
   <div class='ocr_carea' id='block_1_4' title="bbox 613 1233 752 1318">
    <p class='ocr_par' dir='ltr' id='par_1_4' title="bbox 613 1233 752 1318">
     <span class='ocr_line' id='line_1_7' title="bbox 613 1233 752 1318; baseline 0.022 -3"><span class='ocrx_word' id='word_1_30' title='bbox 613 1233 752 1318; x_wconf 79' lang='lat' dir='ltr'>Plutus</span> 
     </span>
    </p>
   </div>
   <div class='ocr_carea' id='block_1_5' title="bbox 127 1407 1267 2892">
    <p class='ocr_par' dir='ltr' id='par_1_5' title="bbox 127 1407 1227 2394">
     <span class='ocr_line' id='line_1_8' title="bbox 231 1407 1223 1494; baseline -0.006 -17"><span class='ocrx_word' id='word_1_31' title='bbox 231 1408 497 1494; x_wconf 81' lang='lat' dir='ltr'><strong>Simplicissimus</strong></span> <span class='ocrx_word' id='word_1_32' title='bbox 530 1416 579 1471; x_wconf 90' lang='lat' dir='ltr'><strong>est</strong></span> <span class='ocrx_word' id='word_1_33' title='bbox 611 1407 701 1472; x_wconf 92' lang='lat' dir='ltr'><strong>Pluti</strong></span> <span class='ocrx_word' id='word_1_34' title='bbox 734 1407 863 1471; x_wconf 85' lang='lat' dir='ltr'><strong>fabulae</strong></span> <span class='ocrx_word' id='word_1_35' title='bbox 903 1427 1042 1472; x_wconf 80' lang='lat' dir='ltr'><strong>scaenae</strong></span> <span class='ocrx_word' id='word_1_36' title='bbox 1079 1415 1223 1471; x_wconf 88' lang='lat' dir='ltr'><strong>ornatus.</strong></span> 
     </span>
     <span class='ocr_line' id='line_1_9' title="bbox 131 1506 1227 1594; baseline -0.005 -18"><span class='ocrx_word' id='word_1_37' title='bbox 131 1509 304 1594; x_wconf 82' lang='lat' dir='ltr'><strong>Chremyli</strong></span> <span class='ocrx_word' id='word_1_38' title='bbox 332 1509 411 1572; x_wconf 89' lang='lat' dir='ltr'><strong>villa</strong></span> <span class='ocrx_word' id='word_1_39' title='bbox 441 1507 586 1572; x_wconf 86' lang='lat' dir='ltr'><strong>medium</strong></span> <span class='ocrx_word' id='word_1_40' title='bbox 607 1528 744 1572; x_wconf 82' lang='lat' dir='ltr'><strong>scaenae</strong></span> <span class='ocrx_word' id='word_1_41' title='bbox 767 1507 876 1571; x_wconf 85' lang='lat' dir='ltr'><strong>locum</strong></span> <span class='ocrx_word' id='word_1_42' title='bbox 898 1506 1049 1588; x_wconf 82' lang='lat' dir='ltr'><strong>obtinuit,</strong></span> <span class='ocrx_word' id='word_1_43' title='bbox 1069 1508 1110 1573; x_wconf 89' lang='lat' dir='ltr'><strong>ab</strong></span> <span class='ocrx_word' id='word_1_44' title='bbox 1135 1517 1227 1570; x_wconf 92' lang='lat' dir='ltr'><strong>utro·</strong></span> 
     </span>
     <span class='ocr_line' id='line_1_10' title="bbox 134 1605 1226 1698; baseline -0.005 -22"><span class='ocrx_word' id='word_1_45' title='bbox 134 1633 197 1698; x_wconf 89' lang='lat' dir='ltr'><strong>que</strong></span> <span class='ocrx_word' id='word_1_46' title='bbox 218 1611 320 1679; x_wconf 73' lang='lat' dir='ltr'><strong>latore</strong></span> <span class='ocrx_word' id='word_1_47' title='bbox 341 1618 487 1692; x_wconf 81' lang='lat' dir='ltr'><strong>agrestes</strong></span> <span class='ocrx_word' id='word_1_48' title='bbox 509 1607 658 1694; x_wconf 84' lang='lat' dir='ltr'><strong>depictae</strong></span> <span class='ocrx_word' id='word_1_49' title='bbox 684 1617 775 1671; x_wconf 87' lang='lat' dir='ltr'><strong>erant</strong></span> <span class='ocrx_word' id='word_1_50' title='bbox 796 1607 959 1690; x_wconf 85' lang='lat' dir='ltr'><strong>regiones.</strong></span> <span class='ocrx_word' id='word_1_51' title='bbox 984 1608 1112 1672; x_wconf 91' lang='lat' dir='ltr'><strong>Domus</strong></span> <span class='ocrx_word' id='word_1_52' title='bbox 1137 1605 1226 1670; x_wconf 91' lang='lat' dir='ltr'><strong>illius</strong></span> 
     </span>
     <span class='ocr_line' id='line_1_11' title="bbox 133 1706 1224 1798; baseline -0.005 -25"><span class='ocrx_word' id='word_1_53' title='bbox 133 1721 236 1798; x_wconf 91' lang='lat' dir='ltr'><strong>porta,</strong></span> <span class='ocrx_word' id='word_1_54' title='bbox 259 1729 397 1774; x_wconf 82' lang='lat' dir='ltr'><strong>scaenae</strong></span> <span class='ocrx_word' id='word_1_55' title='bbox 419 1708 522 1773; x_wconf 84' lang='lat' dir='ltr'><strong>valvis</strong></span> <span class='ocrx_word' id='word_1_56' title='bbox 544 1708 644 1791; x_wconf 88' lang='lat' dir='ltr'><strong>regiis</strong></span> <span class='ocrx_word' id='word_1_57' title='bbox 669 1707 730 1790; x_wconf 74' lang='lat' dir='ltr'><strong>(A)</strong></span> <span class='ocrx_word' id='word_1_58' title='bbox 752 1706 986 1792; x_wconf 83' lang='lat' dir='ltr'><strong>respondente,</strong></span> <span class='ocrx_word' id='word_1_59' title='bbox 1021 1706 1078 1791; x_wconf 92' lang='lat' dir='ltr'><strong>qui</strong></span> <span class='ocrx_word' id='word_1_60' title='bbox 1100 1707 1159 1770; x_wconf 87' lang='lat' dir='ltr'><strong>vel</strong></span> <span class='ocrx_word' id='word_1_61' title='bbox 1178 1707 1224 1769; x_wconf 90' lang='lat' dir='ltr'><strong>in·</strong></span> 
     </span>
     <span class='ocr_line' id='line_1_12' title="bbox 129 1806 1227 1893; baseline -0.005 -21"><span class='ocrx_word' id='word_1_62' title='bbox 129 1817 216 1874; x_wconf 89' lang='lat' dir='ltr'><strong>trant</strong></span> <span class='ocrx_word' id='word_1_63' title='bbox 238 1810 292 1872; x_wconf 87' lang='lat' dir='ltr'><strong>vel</strong></span> <span class='ocrx_word' id='word_1_64' title='bbox 321 1807 513 1891; x_wconf 91' lang='lat' dir='ltr'><strong>relinquunt</strong></span> <span class='ocrx_word' id='word_1_65' title='bbox 542 1807 643 1889; x_wconf 88' lang='lat' dir='ltr'><strong>illam,</strong></span> <span class='ocrx_word' id='word_1_66' title='bbox 664 1809 786 1872; x_wconf 86' lang='lat' dir='ltr'><strong>caeteri</strong></span> <span class='ocrx_word' id='word_1_67' title='bbox 819 1809 875 1892; x_wconf 92' lang='lat' dir='ltr'><strong>qui</strong></span> <span class='ocrx_word' id='word_1_68' title='bbox 906 1806 1069 1893; x_wconf 84' lang='lat' dir='ltr'><strong>pulpitum</strong></span> <span class='ocrx_word' id='word_1_69' title='bbox 1100 1806 1227 1870; x_wconf 85' lang='lat' dir='ltr'><strong>intrant</strong></span> 
     </span>
     <span class='ocr_line' id='line_1_13' title="bbox 130 1903 1226 1991; baseline -0.002 -20"><span class='ocrx_word' id='word_1_70' title='bbox 130 1918 186 1971; x_wconf 90' lang='lat' dir='ltr'><strong>aut</strong></span> <span class='ocrx_word' id='word_1_71' title='bbox 205 1907 398 1991; x_wconf 88' lang='lat' dir='ltr'><strong>relinquunt</strong></span> <span class='ocrx_word' id='word_1_72' title='bbox 420 1906 594 1970; x_wconf 83' lang='lat' dir='ltr'><strong>histriones</strong></span> <span class='ocrx_word' id='word_1_73' title='bbox 617 1904 755 1971; x_wconf 83' lang='lat' dir='ltr'><strong>aditibus</strong></span> <span class='ocrx_word' id='word_1_74' title='bbox 782 1907 813 1970; x_wconf 92' lang='lat' dir='ltr'><strong>D</strong></span> <span class='ocrx_word' id='word_1_75' title='bbox 838 1916 871 1970; x_wconf 91' lang='lat' dir='ltr'><strong>et</strong></span> <span class='ocrx_word' id='word_1_76' title='bbox 892 1904 920 1969; x_wconf 80' lang='grc' dir='ltr'>Ε</span> <span class='ocrx_word' id='word_1_77' title='bbox 950 1913 1097 1970; x_wconf 89' lang='lat' dir='ltr'><strong>utuntur.</strong></span> <span class='ocrx_word' id='word_1_78' title='bbox 1146 1903 1226 1969; x_wconf 81' lang='lat' dir='ltr'><strong>Por-</strong></span> 
     </span>
     <span class='ocr_line' id='line_1_14' title="bbox 128 2005 1225 2094; baseline -0.002 -23"><span class='ocrx_word' id='word_1_79' title='bbox 128 2017 234 2071; x_wconf 89' lang='lat' dir='ltr'><strong>tarum</strong></span> <span class='ocrx_word' id='word_1_80' title='bbox 257 2007 339 2070; x_wconf 88' lang='lat' dir='ltr'><strong>Bet</strong></span> <span class='ocrx_word' id='word_1_81' title='bbox 363 2007 391 2073; x_wconf 79' lang='lat' dir='ltr'>O</span> <span class='ocrx_word' id='word_1_82' title='bbox 413 2028 608 2094; x_wconf 90' lang='lat' dir='ltr'><strong>quamquam</strong></span> <span class='ocrx_word' id='word_1_83' title='bbox 630 2030 723 2070; x_wconf 89' lang='lat' dir='ltr'><strong>usum</strong></span> <span class='ocrx_word' id='word_1_84' title='bbox 744 2017 856 2071; x_wconf 87' lang='lat' dir='ltr'><strong>nostra</strong></span> <span class='ocrx_word' id='word_1_85' title='bbox 878 2007 913 2071; x_wconf 91' lang='lat' dir='ltr'><strong>in</strong></span> <span class='ocrx_word' id='word_1_86' title='bbox 933 2007 1044 2071; x_wconf 86' lang='lat' dir='ltr'><strong>fabula</strong></span> <span class='ocrx_word' id='word_1_87' title='bbox 1064 2005 1140 2071; x_wconf 88' lang='lat' dir='ltr'><strong>fieri</strong></span> <span class='ocrx_word' id='word_1_88' title='bbox 1161 2026 1225 2070; x_wconf 87' lang='lat' dir='ltr'><strong>nou</strong></span> 
     </span>
     <span class='ocr_line' id='line_1_15' title="bbox 128 2106 1225 2193; baseline 0 -23"><span class='ocrx_word' id='word_1_89' title='bbox 128 2129 210 2193; x_wconf 91' lang='lat' dir='ltr'><strong>opus</strong></span> <span class='ocrx_word' id='word_1_90' title='bbox 233 2116 291 2184; x_wconf 88' lang='lat' dir='ltr'><strong>est,</strong></span> <span class='ocrx_word' id='word_1_91' title='bbox 307 2106 573 2175; x_wconf 82' lang='lat' dir='ltr'><strong>Schoenbornius</strong></span> <span class='ocrx_word' id='word_1_92' title='bbox 594 2117 704 2171; x_wconf 88' lang='lat' dir='ltr'><strong>tamen</strong></span> <span class='ocrx_word' id='word_1_93' title='bbox 727 2129 827 2192; x_wconf 90' lang='lat' dir='ltr'><strong>quum</strong></span> <span class='ocrx_word' id='word_1_94' title='bbox 843 2107 985 2192; x_wconf 87' lang='lat' dir='ltr'><strong>quinque</strong></span> <span class='ocrx_word' id='word_1_95' title='bbox 999 2107 1133 2170; x_wconf 92' lang='lat' dir='ltr'><strong>illarum</strong></span> <span class='ocrx_word' id='word_1_96' title='bbox 1151 2127 1225 2193; x_wconf 88' lang='lat' dir='ltr'><strong>por-</strong></span> 
     </span>
     <span class='ocr_line' id='line_1_16' title="bbox 127 2207 1224 2294; baseline 0 -23"><span class='ocrx_word' id='word_1_97' title='bbox 127 2219 232 2272; x_wconf 91' lang='lat' dir='ltr'><strong>tarum</strong></span> <span class='ocrx_word' id='word_1_98' title='bbox 254 2230 353 2272; x_wconf 90' lang='lat' dir='ltr'><strong>unam</strong></span> <span class='ocrx_word' id='word_1_99' title='bbox 377 2209 512 2272; x_wconf 89' lang='lat' dir='ltr'><strong>otiosam</strong></span> <span class='ocrx_word' id='word_1_100' title='bbox 537 2229 607 2275; x_wconf 88' lang='lat' dir='ltr'><strong>esse</strong></span> <span class='ocrx_word' id='word_1_101' title='bbox 629 2231 703 2273; x_wconf 89' lang='lat' dir='ltr'><strong>eum</strong></span> <span class='ocrx_word' id='word_1_102' title='bbox 719 2208 841 2294; x_wconf 86' lang='lat' dir='ltr'><strong>pigeat,</strong></span> <span class='ocrx_word' id='word_1_103' title='bbox 862 2207 1022 2274; x_wconf 87' lang='lat' dir='ltr'><strong>adhibitas</strong></span> <span class='ocrx_word' id='word_1_104' title='bbox 1035 2230 1091 2273; x_wconf 86' lang='lat' dir='ltr'><strong>eas</strong></span> <span class='ocrx_word' id='word_1_105' title='bbox 1110 2228 1185 2273; x_wconf 83' lang='lat' dir='ltr'><strong>esse</strong></span> <span class='ocrx_word' id='word_1_106' title='bbox 1206 2228 1224 2271; x_wconf 81' lang='lat' dir='ltr'><strong>a</strong></span> 
     </span>
     <span class='ocr_line' id='line_1_17' title="bbox 127 2307 489 2394; baseline -0.003 -22"><span class='ocrx_word' id='word_1_107' title='bbox 127 2317 224 2394; x_wconf 89' lang='lat' dir='ltr'><strong>poeta</strong></span> <span class='ocrx_word' id='word_1_108' title='bbox 246 2307 316 2371; x_wconf 90' lang='lat' dir='ltr'><strong>vult</strong></span> <span class='ocrx_word' id='word_1_109' title='bbox 338 2307 384 2392; x_wconf 91' lang='lat' dir='ltr'><strong>(p.</strong></span> <span class='ocrx_word' id='word_1_110' title='bbox 400 2308 489 2388; x_wconf 82' lang='lat'>295).</span> 
     </span>
    </p>

    <p class='ocr_par' dir='ltr' id='par_1_6' title="bbox 127 2406 1267 2892">
     <span class='ocr_line' id='line_1_18' title="bbox 229 2406 1267 2492; baseline -0.001 -20"><span class='ocrx_word' id='word_1_111' title='bbox 229 2408 296 2472; x_wconf 88' lang='lat' dir='ltr'><strong>Per</strong></span> <span class='ocrx_word' id='word_1_112' title='bbox 316 2428 490 2491; x_wconf 88' lang='lat' dir='ltr'><strong>quemnam</strong></span> <span class='ocrx_word' id='word_1_113' title='bbox 509 2406 631 2471; x_wconf 86' lang='lat' dir='ltr'><strong>aditum</strong></span> <span class='ocrx_word' id='word_1_114' title='bbox 649 2414 718 2489; x_wconf 85' lang='lat' dir='ltr'><strong>(aut</strong></span> <span class='ocrx_word' id='word_1_115' title='bbox 739 2408 770 2471; x_wconf 92' lang='lat' dir='ltr'>D</span> <span class='ocrx_word' id='word_1_116' title='bbox 793 2417 848 2472; x_wconf 94' lang='lat' dir='ltr'><strong>aut</strong></span> <span class='ocrx_word' id='word_1_117' title='bbox 872 2408 913 2486; x_wconf 84' lang='grc' dir='ltr'><strong>Ε)</strong></span> <span class='ocrx_word' id='word_1_118' title='bbox 936 2407 1059 2492; x_wconf 85' lang='lat' dir='ltr'><strong>singuli</strong></span> <span class='ocrx_word' id='word_1_119' title='bbox 1083 2406 1223 2492; x_wconf 82' lang='lat' dir='ltr'><strong>singulis</strong></span> <span class='ocrx_word' id='word_1_120' title='bbox 1263 2442 1267 2449; x_wconf 95' lang='lat'>·</span> 
     </span>
     <span class='ocr_line' id='line_1_19' title="bbox 127 2502 1267 2596; baseline 0.004 -28"><span class='ocrx_word' id='word_1_121' title='bbox 127 2505 209 2570; x_wconf 82' lang='lat' dir='ltr'><strong>loeis</strong></span> <span class='ocrx_word' id='word_1_122' title='bbox 231 2505 404 2570; x_wconf 87' lang='lat' dir='ltr'><strong>histriones</strong></span> <span class='ocrx_word' id='word_1_123' title='bbox 427 2505 620 2571; x_wconf 86' lang='lat' dir='ltr'><strong>intraverint</strong></span> <span class='ocrx_word' id='word_1_124' title='bbox 641 2508 696 2571; x_wconf 87' lang='lat' dir='ltr'><strong>vel</strong></span> <span class='ocrx_word' id='word_1_125' title='bbox 723 2508 878 2590; x_wconf 83' lang='lat' dir='ltr'><strong>exierint,</strong></span> <span class='ocrx_word' id='word_1_126' title='bbox 907 2530 1009 2593; x_wconf 91' lang='lat' dir='ltr'><strong>quum</strong></span> <span class='ocrx_word' id='word_1_127' title='bbox 1036 2506 1223 2596; x_wconf 81' lang='lat' dir='ltr'><strong>disceptatu</strong></span> <span class='ocrx_word' id='word_1_128' title='bbox 1263 2502 1267 2519; x_wconf 73' lang='lat'><strong>&#39;&#39;</strong></span> 
     </span>
     <span class='ocr_line' id='line_1_20' title="bbox 130 2602 1267 2711; baseline 0.007 -46"><span class='ocrx_word' id='word_1_129' title='bbox 130 2602 361 2669; x_wconf 82' lang='lat' dir='ltr'><strong>difficillimum</strong></span> <span class='ocrx_word' id='word_1_130' title='bbox 384 2605 436 2688; x_wconf 90' lang='lat' dir='ltr'><strong>sit,</strong></span> <span class='ocrx_word' id='word_1_131' title='bbox 465 2627 572 2692; x_wconf 89' lang='lat' dir='ltr'><strong>neque</strong></span> <span class='ocrx_word' id='word_1_132' title='bbox 601 2628 714 2673; x_wconf 89' lang='lat' dir='ltr'><strong>omnes</strong></span> <span class='ocrx_word' id='word_1_133' title='bbox 738 2609 799 2673; x_wconf 82' lang='lat' dir='ltr'><strong>hae</strong></span> <span class='ocrx_word' id='word_1_134' title='bbox 822 2610 856 2673; x_wconf 89' lang='lat' dir='ltr'><strong>in</strong></span> <span class='ocrx_word' id='word_1_135' title='bbox 878 2631 914 2673; x_wconf 91' lang='lat' dir='ltr'><strong>re</strong></span> <span class='ocrx_word' id='word_1_136' title='bbox 937 2607 1152 2674; x_wconf 85' lang='lat' dir='ltr'><strong>difficultates</strong></span> <span class='ocrx_word' id='word_1_137' title='bbox 1175 2630 1222 2673; x_wconf 88' lang='lat' dir='ltr'><strong>re·</strong></span> <span class='ocrx_word' id='word_1_138' title='bbox 1260 2604 1267 2711; x_wconf 45' lang='grc' dir='ltr'><strong><em>ᾗ</em></strong></span> 
     </span>
     <span class='ocr_line' id='line_1_21' title="bbox 127 2704 1258 2794; baseline 0.008 -28"><span class='ocrx_word' id='word_1_139' title='bbox 127 2704 252 2767; x_wconf 88' lang='lat' dir='ltr'><strong>moveri</strong></span> <span class='ocrx_word' id='word_1_140' title='bbox 274 2706 409 2792; x_wconf 87' lang='lat' dir='ltr'><strong>possint,</strong></span> <span class='ocrx_word' id='word_1_141' title='bbox 444 2707 643 2790; x_wconf 88' lang='lat' dir='ltr'><strong>superfluum</strong></span> <span class='ocrx_word' id='word_1_142' title='bbox 667 2707 740 2773; x_wconf 85' lang='lat' dir='ltr'><strong>fore</strong></span> <span class='ocrx_word' id='word_1_143' title='bbox 761 2717 839 2794; x_wconf 91' lang='lat' dir='ltr'><strong>puto</strong></span> <span class='ocrx_word' id='word_1_144' title='bbox 862 2709 1035 2774; x_wconf 83' lang='lat' dir='ltr'><strong>seiunctim</strong></span> <span class='ocrx_word' id='word_1_145' title='bbox 1058 2730 1222 2793; x_wconf 87' lang='lat' dir='ltr'><strong>enarrare,</strong></span> <span class='ocrx_word' id='word_1_146' title='bbox 1255 2732 1258 2737; x_wconf 91' lang='lat'>·</span> 
     </span>
     <span class='ocr_line' id='line_1_22' title="bbox 127 2803 903 2892; baseline 0.008 -26"><span class='ocrx_word' id='word_1_147' title='bbox 127 2803 319 2886; x_wconf 91' lang='lat' dir='ltr'><strong>quibusnam</strong></span> <span class='ocrx_word' id='word_1_148' title='bbox 338 2805 441 2892; x_wconf 92' lang='lat' dir='ltr'><strong>portis</strong></span> <span class='ocrx_word' id='word_1_149' title='bbox 461 2806 510 2871; x_wconf 88' lang='lat' dir='ltr'><strong>usi</strong></span> <span class='ocrx_word' id='word_1_150' title='bbox 531 2805 598 2871; x_wconf 90' lang='lat' dir='ltr'><strong>sint</strong></span> <span class='ocrx_word' id='word_1_151' title='bbox 614 2807 802 2875; x_wconf 86' lang='lat' dir='ltr'><strong>histriones.</strong></span> <span class='ocrx_word' id='word_1_152' title='bbox 901 2848 903 2853; x_wconf 93' lang='lat'>·</span> 
     </span>
    </p>
   </div>
   <div class='ocr_carea' id='block_1_6' title="bbox 227 3030 548 3086">
    <p class='ocr_par' dir='ltr' id='par_1_7' title="bbox 227 3030 548 3086">
     <span class='ocr_line' id='line_1_23' title="bbox 227 3030 548 3086; baseline 0.012 -4"><span class='ocrx_word' id='word_1_153' title='bbox 227 3032 277 3084; x_wconf 88' lang='lat'><strong>119</strong></span> <span class='ocrx_word' id='word_1_154' title='bbox 294 3030 328 3084; x_wconf 83' lang='lat' dir='ltr'><strong>of.</strong></span> <span class='ocrx_word' id='word_1_155' title='bbox 346 3047 458 3085; x_wconf 89' lang='lat' dir='ltr'><strong>versum</strong></span> <span class='ocrx_word' id='word_1_156' title='bbox 480 3034 548 3086; x_wconf 86' lang='grc'>1138</span> 
     </span>
    </p>
   </div>
   <div class='ocr_carea' id='block_1_7' title="bbox 423 4170 904 4219">
    <p class='ocr_par' dir='ltr' id='par_1_8' title="bbox 423 4170 904 4219">
     <span class='ocr_line' id='line_1_24' title="bbox 423 4170 904 4219; baseline 0.019 -14"><span class='ocrx_word' id='word_1_157' title='bbox 423 4170 534 4219; x_wconf 71' lang='lat' dir='ltr'><strong>nonum,</strong></span> <span class='ocrx_word' id='word_1_158' title='bbox 557 4171 654 4207; x_wconf 72' lang='lat' dir='ltr'><strong>nonius</strong></span> <span class='ocrx_word' id='word_1_159' title='bbox 677 4174 773 4211; x_wconf 68' lang='lat' dir='ltr'><strong>canon</strong></span> <span class='ocrx_word' id='word_1_160' title='bbox 795 4176 904 4215; x_wconf 68' lang='lat' dir='ltr'><strong>eroum.</strong></span> 
     </span>
    </p>
   </div>
   <div class='ocr_carea' id='block_1_8' title="bbox 0 0 1366 4958">
    <p class='ocr_par' dir='ltr' id='par_1_9' title="bbox 0 0 1366 4958">
     <span class='ocr_line' id='line_1_25' title="bbox 0 0 1366 4958; baseline 0 3"><span class='ocrx_word' id='word_1_161' title='bbox 0 0 1366 4958; x_wconf 95' lang='lat' dir='ltr'><strong> </strong></span> 
     </span>
    </p>
   </div>
  </div>
 </body>
</html>
