2724 4958
660 299 703 366 42

136 490 259 547 tantum
283 481 488 546 Athenarum
514 490 617 566 parto,
641 481 674 545 in
696 481 808 567 Pnyce
831 483 968 569 scilicet,
998 507 1052 550 res
1076 480 1223 572 ageretur
1255 550 1258 557 ,

134 584 257 648 urbana
278 583 396 647 iterum
419 617 459 628 -
482 592 517 645 ut
538 583 582 645 ita
605 573 710 646 dicam
731 586 771 630 -'
796 605 913 649 scaena
950 586 1159 666 (staedta'scbe
1175 588 1224 652 vel

136 680 469 762 stadt-Decoratioe)
495 691 738 766 repraesentata
763 692 840 747 erat.

236 779 304 849 Sed
328 782 450 847 diutius
474 784 507 847 in
529 782 586 845 tali
608 782 730 867 exigua
752 805 788 847 re
802 784 1009 870 explananda
1021 787 1146 852 versari
1161 786 1219 853 lon·

131 904 209 967 gum
243 891 303 965 est,
339 881 611 966 iniustissimcque
638 892 768 968 tempus
796 893 914 948 torerc.
947 884 1223 953 Considerandum

135 993 258 1048 tantum
284 992 333 1047 est
355 982 431 1066 quid
455 1004 588 1047 caussae
610 982 760 1047 habuerit
781 994 876 1070 poeta
906 1008 963 1048 cur
994 986 1073 1052 inde
1095 1010 1224 1054 aversa

132 1084 194 1149 749
219 1104 286 1147 rem
311 1084 343 1147 in
370 1083 483 1166 Pnyce
506 1093 609 1147 actam
626 1082 776 1148 volucrit.
801 1083 913 1151 Semel
934 1093 1062 1150 tantum
1082 1096 1153 1153 tota
1175 1088 1225 1152 illa

131 1184 164 1249 in
188 1204 305 1248 scaena
325 1183 473 1266 Pnycem
495 1184 598 1270 ipsam
621 1194 864 1266 commemorat,
895 1193 928 1248 et
960 1186 1005 1249 ita
1029 1186 1165 1272 quidem
1194 1198 1226 1251 ut

131 1282 238 1348 Domo
262 1282 352 1347 duris
375 1282 499 1366 Pnycis
523 1283 684 1367 lapidibus
707 1284 869 1348 insedeuti
882 1285 1104 1368 Agoracritus
1125 1288 1224 1375 pulvi·

132 1407 209 1450 num
232 1384 351 1449 afferre
377 1383 498 1470 possit:

216 1507 247 1548 v.
269 1484 332 1549 -783
372 1504 605 1555 ΑΛΛΑΝΤΟΠ.
627 1482 684 1549 ἐπί
713 1486 801 1550 ταῖσι
830 1483 966 1571 πέτραις
993 1477 1034 1551 ori
1064 1487 1227 1575 φροντίζει

528 1585 676 1670 σκληρῶς
699 1605 736 1649 σε
760 1579 949 1670 καθήμενον
972 1581 1111 1673 οὕτως,

362 1677 424 1769 οιίχ
437 1680 550 1772 α’ίσιτερ
565 1681 625 1770 ἐγώ
640 1678 828 1771 ῥαψάμενός
839 1706 890 1750 σοι
913 1685 1007 1752 τουτί
1029 1686 1134 1775 φέρω.
1157 1681 1226 1754 ἄλλ’

530 1784 717 1870 ἐπαναίρου,

361 1873 443 1974 κᾷτα
464 1886 603 1969 καθίζου
624 1886 778 1971 μαλακῶς
800 1935 958 1952 ......

131 1987 248 2074 Neque
272 1988 407 2052 difficile
431 1997 479 2052 est
504 1987 728 2052 demonstratu
755 1985 1022 2073 Aristophanem,
1053 2011 1155 2072 quum
1179 2013 1229 2080 po-

133 2096 201 2151 stca
232 2111 300 2154 rcm
330 2088 364 2151 in
388 2087 500 2175 Pnyoo
531 2086 586 2173 agi
609 2086 741 2150 omnino
774 2085 873 2168 nolit,
906 2109 1045 2159 scaenae
1083 2093 1229 2177 mutatio·

134 2208 209 2250 nem
237 2187 269 2251 in
291 2188 396 2253 arrimo
429 2208 495 2251 non
524 2185 686 2266 habuisse,
721 2187 765 2251 ita
793 2196 829 2250 ut
857 2187 1012 2252 iudicium
1042 2189 1128 2254 illud
1157 2202 1229 2256 ante

134 2287 233 2351 aedes
255 2285 353 2351 Demi
377 2287 474 2373 lapidi
491 2287 618 2353 cuidam
640 2288 673 2351 in
695 2288 821 2374 pulpito
835 2286 896 2351 sito
911 2287 1091 2352 incedentis
1109 2290 1229 2354 factum

136 2406 207 2453 esse
227 2397 370 2452 statuere
391 2387 484 2453 nobis
508 2389 613 2453 liceat.
637 2387 819 2471 Quomiuus
843 2395 950 2450 autem
976 2396 1076 2451 totam
1101 2413 1225 2455 comoe·

134 2485 220 2550 diam
243 2487 276 2551 in
288 2487 403 2572 Pnyce
427 2498 528 2553 aotam
552 2490 756 2564 arbitremur,
781 2486 871 2551 etita
893 2487 1025 2572 quidem
1037 2498 1071 2552 ut
1084 2487 1230 2556 Demum

130 2586 163 2651 in
187 2588 257 2674 ipsu
279 2584 404 2674 Pnyoo,
437 2589 489 2652 vel
521 2589 555 2652 in
586 2588 736 2654 aedificio
767 2586 807 2651 ad
838 2609 907 2652 eam
939 2586 999 2651 sito
1022 2588 1231 2655 habitantem

132 2685 267 2752 finxerit
288 2698 402 2776 pocta,
431 2710 539 2776 neque
562 2699 620 2771 cst,
654 2687 740 2776 quod
764 2689 881 2768 obstet,
915 2710 1022 2774 neque
1051 2710 1118 2772 quo
1149 2691 1232 2757 haec

131 2788 295 2854 sententia
317 2789 410 2854 nobis
437 2791 603 2876 probetur.
989 2847 992 2853 .

229 2888 313 2958 Utut
335 2911 386 2955 res
409 2910 445 2955 se
462 2890 569 2971 habet,
586 2896 865 2973 repraesentatum
877 2896 1097 2975 eratseaenae
1113 2898 1231 2954 ornatu

131 2989 229 3054 Demi
255 2989 455 3055 domicilium
491 3010 595 3078 prope
622 2989 761 3053 mediam
784 3008 922 3053 scaenae
952 2986 1068 3052 frontis
1099 2999 1231 3078 portam

130 3089 236 3173 situm,
263 3091 432 3176 salvisque
455 3099 524 3154 crat
546 3089 752 3171 instructum,
779 3088 896 3174 quibus
913 3087 1042 3174 saepius
1055 3098 1088 3152 et
1103 3088 1231 3177 Demus

128 3183 200 3276 ipso¹
224 3200 255 3254 et
277 3193 362 3256 servi
387 3190 456 3258 cius
479 3200 613 3255 utuntur
637 3190 818 3276 quibusque
833 3187 1063 3275 impensaerat
1086 3187 1231 3254 iresioua

130 3289 186 3374 (cf.
210 3311 240 3354 v.
254 3290 338 3376 739).
1218 3376 1220 3381 Ι

229 3389 297 3455 Iam
322 3391 403 3456 nihil
425 3401 536 3475 restat,
561 3391 622 3457 nisi
647 3402 683 3455 ut
705 3389 745 3455 de
768 3388 918 3454 versibus
942 3386 1152 3452 1316-1334
1179 3410 1231 3452 eo-

128 3512 267 3578 rumque
292 3491 332 3557 de
356 3514 391 3558 ro
415 3493 565 3559 scaenica
588 3515 790 3580 quaeramus.
1138 3575 1140 3579 Ι

230 3590 447 3677 Agoracritus
473 3593 687 3680 Paphlagone
721 3613 764 3654 cx
786 3589 921 3681 aedibus
945 3588 1042 3655 Demi
1074 3589 1230 3678 expulso,

131 3689 210 3755 dicit
234 3711 268 3754 se
291 3688 444 3773 Domum,
474 3703 510 3756 ut
530 3693 648 3758 Medea
670 3691 795 3756 Peliam
819 3711 932 3754 senem
956 3687 1129 3774 coquendo
1154 3692 1230 3756 red·

130 3790 212 3855 didit
235 3790 421 3873 iuvenilem,
451 3788 549 3856 καλὸν
571 3790 608 3873 ἐξ
632 3787 767 3875 αἰσχροῦ
800 3790 929 3871 fecisse,
959 3809 1044 3876 nune
1073 3787 1172 3853 illum
1197 3792 1231 3855 in

128 3885 337 3978 ἰοστεφάνοις
367 3889 433 3954 illis
460 3891 598 3956 Athenis
624 3890 768 3956 habitare
798 3900 830 3955 et
859 3890 898 3953 iis
923 3887 1073 3972 quidem,
1111 3893 1230 3973 quales

127 3999 223 4055 antea
246 3991 401 4058 Aristidis
423 3990 643 4078 Milliadisque
666 3991 868 4078 temporibus
899 3989 1031 4070 fuerint,
1066 4001 1230 4058 monstrat

129 4101 162 4154 ot
183 4091 283 4156 choro
308 4101 339 4156 ot
363 4091 597 4178 spectatoribus
632 4091 735 4156 valvis
766 4089 888 4176 opertis
923 4088 1230 4176 splendidissimum

130 4191 290 4275 quondam
315 4202 528 4280 conspectum
552 4203 649 4278 atquc
673 4191 823 4255 laudibus
836 4189 1059 4254 admirabilem
1071 4191 1230 4275 pulcher
