2724 4958
658 305 698 367 ⁷2
1261 272 1265 409 l

131 505 302 569 possumus
326 481 367 546 de
390 480 482 546 chori
504 482 635 548 fabulae
658 481 752 546 initio
775 484 929 566 statione;
962 484 1006 550 de
1034 485 1265 595 histrionum,

132 587 191 648 sub
213 583 388 647 mulierum
409 593 656 667 scortorumque
679 583 826 669 personis
853 605 1003 667 numero,
1026 595 1141 651 utrum
1155 587 1222 653 Ble·
1261 598 1265 675 j

131 704 235 767 pyrus
261 682 486 769 Chremesque
517 683 551 747 in
574 683 746 767 postremis
769 705 897 769 quoque
921 684 1080 750 dramatis
1102 687 1222 753 scaenis
1259 678 1264 761 l

131 806 200 847 rem
223 794 332 866 agant,
354 807 396 848 an
417 782 478 846 viri
499 782 548 845 illi
571 783 782 865 (Ravennatis
795 783 930 869 codicis)
954 808 1072 853 versus
1083 789 1147 852 730
1157 809 1219 872 sqq.
1261 764 1264 857 l

131 882 304 948 recitantes
326 903 465 953 aanor
485 889 529 968 (v.
542 886 615 963 730)
636 905 774 956 ΑΛΛοΣ
789 905 987 957 cerannos
1009 889 1054 970 (v.
1067 887 1131 951 746
1145 888 1222 971 sqq.)
1254 862 1264 963 l

132 991 226 1045 antea
244 982 389 1048 nondum
412 984 446 1047 in
469 984 595 1073 pulpito
618 986 739 1050 fuerint
761 988 929 1075 conspecti
959 988 1140 1069 (Dindorfii
1161 987 1220 1051 edi·

130 1079 227 1146 tionis
250 1081 437 1167 Lipsiensis,
461 1084 591 1168 quintae
604 1107 714 1154 ΑΝῊΡ
728 1110 765 1167 A,
782 1108 892 1157 ΛΝΗΡ
905 1088 956 1164 Β).
979 1086 1218 1153 Praetermissis
1261 1088 1264 1161 ἑ

129 1181 240 1266 igitur,
264 1183 338 1267 quia
360 1183 447 1247 vires
469 1206 535 1248 non
560 1186 737 1270 sufficiunt,
753 1189 901 1254 omnibus
916 1187 966 1252 his
983 1186 1220 1274 quaestionibus
1262 1170 1264 1189 Ι

130 1281 163 1344 id
186 1282 292 1346 solum
322 1281 546 1349 demonstrare
567 1288 766 1372 conabimur,
790 1302 939 1355 ornatum
960 1309 1100 1354 scaenae
1112 1287 1217 1352 Eccle-

131 1382 329 1447 siazusarum
350 1383 384 1446 in
406 1384 514 1449 fabula
542 1386 716 1452 admodum
748 1389 928 1477 simplicem
963 1388 1076 1453 fuisse.
1129 1385 1219 1452 Initio

133 1481 219 1544 enim
244 1480 328 1544 viam
352 1482 492 1568 aliquam
515 1486 678 1572 publicam
692 1489 896 1554 Athenarum
918 1507 1053 1553 scaenae
1076 1486 1219 1573 picturae

132 1579 430 1665 repraesentabant,
450 1584 546 1647 cuius
566 1595 697 1670 praeter
718 1598 848 1652 caetera
864 1585 1012 1651 aedificia
1030 1581 1218 1649 duaeacdes

129 1679 174 1743 ita
196 1679 297 1765 portis
322 1688 414 1742 erant
447 1690 624 1766 extructae,
656 1694 693 1748 ut
714 1686 836 1750 intrare
859 1707 913 1750 eas
932 1696 965 1749 et
988 1683 1082 1748 exiis
1093 1680 1219 1769 prodire

130 1787 263 1866 possent
283 1777 472 1843 histriones.
522 1783 649 1847 Domus
672 1796 765 1849 erant
785 1785 997 1868 Praxagorae
1019 1781 1220 1867 Blepyrique

129 1903 202 1963 una,
226 1878 327 1944 vicini
342 1890 464 1959 (ΑΝΗΡ
482 1882 753 1968 servatusque
773 1872 922 1971 coniugis
947 1888 1069 1964 (ΓΥΝΗ
1084 1905 1115 1952 Α
1133 1879 1220 1958 ῑ36)

129 1978 243 2044 altera.
285 1982 433 2045 Dextrae
456 2005 494 2047 ac
521 1982 650 2047 sinistra
678 1985 920 2070 respondebant
951 2003 1091 2048 scaenae
1122 1979 1219 2069 portis

129 2079 215 2144 Bet
237 2079 275 2146 C.
322 2080 448 2174 Eadem
480 2105 608 2165 scaena,
641 2084 701 2147 etsi
724 2083 922 2149 Ravennatis
944 2083 1000 2148 illa
1025 2103 1167 2154 ΑΑΛΟΣ
1191 2087 1221 2145 el

82 2228 85 2232 -
129 2201 268 2251 ΛΛΛΟΣ
284 2203 486 2253 φΕΙΛΩΛοΣ
506 2207 572 2248 non
586 2181 737 2248 Chromis
750 2183 954 2270 Blepyrique
966 2184 1138 2248 nominum
1150 2185 1218 2249 loco

129 2294 241 2349 essent
261 2284 375 2371 posita,
397 2285 445 2348 uti
468 2282 574 2370 potnit
595 2292 692 2369 poeta
712 2281 788 2347 inde
812 2307 830 2346 a
850 2304 947 2347 versu
972 2284 1044 2366 730,
1065 2294 1103 2347 ut
1127 2283 1220 2346 alium

128 2384 337 2448 Athenarum
360 2385 466 2448 vicum
494 2384 630 2448 actionis
661 2403 732 2446 esse
761 2382 868 2446 locum
897 2382 1111 2465 significaret,
1146 2384 1220 2448 dex·

131 2492 201 2548 trae
223 2494 347 2548 tantum
370 2484 507 2570 periacti
539 2480 700 2546 rotatione
715 2485 763 2546 ¹¹⁶.
814 2482 964 2566 Itemque
993 2483 1117 2546 facturn
1144 2503 1219 2561 esse,

127 2592 163 2646 ut
183 2582 260 2647 inde
283 2605 302 2645 a
323 2605 420 2646 versu
442 2583 502 2646 877
524 2603 628 2666 usque
658 2581 699 2646 ad
729 2604 859 2647 versum
882 2581 960 2645 1111
989 2580 1025 2645 in
1048 2579 1218 2646 Ceramico

126 2684 180 2747 vel
203 2683 236 2748 ἒν
257 2685 409 2766 Πειραιεῖ
426 2677 516 2766 παρὰ
537 2685 610 2758 ταῖς
631 2685 770 2765 πορναῖς
802 2704 871 2746 rem
893 2681 948 2765 agi
970 2682 1074 2746 sciant
1096 2691 1218 2769 specta·

127 2791 225 2864 tores,
253 2782 347 2847 facile
369 2781 605 2863 intellegimus.
648 2781 709 2845 His
730 2791 838 2845 autem
860 2781 1008 2844 versibus
1031 2780 1217 2844 877-1111

126 2881 280 2945 tabulatis
301 2903 383 2967 opus
408 2901 479 2944 esse
502 2878 627 2944 duobus
656 2878 824 2961 aedificiis,
846 2879 975 2965 puellae
1004 2902 1081 2959 una,
1115 2879 1216 2943 altera

127 2982 252 3067 primae
275 3002 355 3043 anus
377 2978 482 3066 primo
505 2979 591 3042 inter
612 2978 668 3041 has
694 2978 828 3061 dialogo
859 2987 1003 3065 apparet.
1062 2977 1218 3044 Caeterae

126 3090 235 3144 autem
257 3101 340 3164 quae
360 3088 474 3166 postea
496 3078 582 3142 inter
605 3099 640 3141 se
662 3077 822 3160 rixantur,
854 3077 1080 3151 mulierculae,
1113 3079 1149 3143 in
1176 3100 1219 3159 ea,

127 3179 265 3265 quaein
288 3187 467 3264 conspectu
490 3187 570 3258 erat,
604 3176 667 3239 vici
688 3186 780 3264 parte
802 3197 866 3240 non
888 3177 1075 3240 necessario
1099 3177 1217 3242 habita·

126 3288 212 3362 runt,
234 3279 332 3342 immo
355 3301 372 3343 e
404 3279 520 3343 dextro
542 3286 574 3341 et
596 3275 727 3340 sinistro
748 3276 837 3339 aditu
859 3275 985 3340 iuvenis
999 3276 1148 3343 clamore
1169 3276 1216 3340 ad·

127 3380 243 3444 ductae
266 3379 432 3466 prodeunt
452 3377 492 3441 ad
515 3398 589 3441 eum
611 3375 818 3462 captandum.
853 3375 1001 3460 Imagine
1024 3375 1150 3442 deinde
1170 3397 1214 3442 re·

125 3479 237 3565 petita,
260 3500 356 3562 quam
376 3478 517 3564 primum
530 3476 665 3540 dextrae
677 3474 811 3564 periacti
824 3476 1002 3539 catablema
1016 3485 1095 3538 ante
1109 3477 1216 3541 oculos

127 3579 245 3666 posuit,
264 3577 381 3641 eodem
403 3587 500 3660 atque
520 3576 613 3640 initio
636 3575 764 3665 fabulae
787 3575 925 3639 actionis
953 3574 1029 3639 loco
1061 3598 1144 3641 usus
1174 3583 1218 3640 est

127 3679 375 3764 Aristophanes.

226 3923 276 3975 116
294 3921 328 3976 cf.
347 3921 441 3976 Lohde
460 3921 478 3973 l.
496 3919 515 3973 l.
534 3937 659 3988 quaeque
678 3918 731 3972 hac
751 3918 787 3972 de
805 3916 907 3970 roiam
927 3916 1080 3984 disputavi.
