2724 4958
586 328 588 335 ,
649 263 692 329 co

131 474 215 533 mus,
235 471 274 514 eo
297 447 448 533 cogimur
469 444 557 530 quod
579 444 784 530 Bdelycleon
816 466 912 508 versu
942 447 999 513 168
1021 468 1090 510 non
1115 468 1158 512 ex
1181 468 1232 512 ea-

127 553 205 616 dem
229 558 321 638 porta
344 546 459 632 egredi
487 545 600 631 possit,
634 568 697 630 qna
731 544 833 626 exire,
865 555 900 608 ut
921 566 1054 610 servum
1087 546 1231 630 effugiat,

130 648 321 713 Philocleon
339 643 624 711 vehementissime
646 643 764 707 studet.
788 642 941 708 Montio
965 653 1074 709 autem
1097 645 1231 711 duarum

133 749 239 814 solum
263 758 429 834 portarum
450 745 510 809 hac
533 745 566 809 in
589 744 700 808 fabula
720 745 767 824 fit,
790 743 905 808 domus
927 745 1040 829 ipsius,
1079 754 1114 809 et
1135 746 1229 810 cortis

133 857 256 935 portae.
297 846 381 912 Nam
404 844 598 911 Philocleon
634 842 808 926 quominus
837 865 880 907 cx
910 845 1128 930 capnodocha
1162 867 1230 908 eva-

136 947 240 1027 deret,
264 944 393 1030 abipso
416 942 485 1007 filio
506 940 693 1028 impeditus,
718 963 904 1027 magnaque
926 943 1056 1008 aedium
1083 943 1230 1007 ianua-

138 1045 244 1109 media
268 1045 301 1106 in
324 1064 443 1106 scaena
466 1042 570 1128 posita
593 1079 628 1087 —
660 1045 780 1106 frustra
803 1065 959 1106 concussa
986 1041 1079 1122 retia,
1117 1043 1231 1126 quibus

62 1216 71 1227 ,
124 1145 243 1209 omnia
257 1141 405 1208 aedificia
426 1143 640 1206 circumtexta
662 1149 755 1205 erant
770 1141 954 1223 (cf.1v.132)
968 1141 1098 1207 arrosit.
1124 1143 1231 1224 Quum

132 1255 241 1309 autem
265 1264 308 1307 ne
330 1240 392 1305 hac
415 1239 545 1324 quidem
569 1241 694 1305 ratione
715 1242 942 1328 profecturum
966 1263 1001 1307 se
1025 1240 1153 1325 aliquid
1165 1264 1231 1306 sen·

127 1344 204 1426 liat,
235 1343 372 1413 Ulixem
396 1339 526 1405 imitans
561 1342 651 1406 asine
687 1363 745 1424 pro
776 1341 832 1404 illo
855 1342 956 1404 ariete
991 1363 1069 1406 usus
1094 1363 1113 1405 e
1137 1341 1233 1405 cortis

133 1454 229 1531 porta
263 1442 421 1522 evehitur,
456 1441 667 1524 statimquea
699 1440 926 1526 Bdelycleone
949 1440 1114 1505 retinetur
1135 1441 1233 1525 inque

136 1544 270 1608 domum
291 1539 461 1604 reducitur
485 1541 530 1624 (v.
544 1541 631 1626 196).
675 1539 796 1605 lterum
817 1551 894 1606 tunc
914 1541 946 1604 in
971 1540 1234 1605 contabulatione

133 1641 334 1728 conspicitur
354 1662 468 1723 senex,
502 1639 589 1707 unde
612 1644 656 1722 lv.
670 1641 831 1726 202sqq.)
853 1639 1015 1725 lapidibus
1036 1640 1143 1704 filium
1165 1663 1233 1704 ser—

131 1762 273 1826 vumque
294 1741 386 1827 petit.
409 1741 520 1821 *Quum
543 1740 675 1805 tandem
697 1741 815 1804 chorus
835 1739 1038 1804 orchestram
1060 1741 1232 1824 ingressus

133 1839 174 1913 sit
196 1840 355 1906 auxilium
369 1840 417 1903 illi
438 1840 609 1921 allaturus,
630 1840 803 1923 quominus
827 1840 906 1904 fune
926 1839 1079 1904 deorsum
1102 1836 1158 1905 διὰ
1178 1842 1233 1926 τῆς

131 1931 222 2024 ὀπῆς
244 1939 377 2016 (vell)
404 1939 544 2002 demisso
567 1939 601 2002 in
614 1939 777 2025 pulpitum
804 1939 993 2022 descendat,
1013 1961 1119 2006 senex
1135 1940 1231 2005 afilic

133 2039 346 2123 Xanthiaque
373 2039 566 2123 prohibetur
586 2039 685 2125 inque
707 2040 805 2103 aedes
827 2039 1003 2103 retrahitur
1025 2041 1146 2106 eodem
1170 2063 1231 2126 quo

127 2141 253 2225 ,fugere
274 2148 409 2204 conatus
434 2148 512 2220 erat,
532 2139 620 2204 fune.

234 2240 354 2307 Utrum
378 2238 437 2302 hac
459 2260 590 2323 quoque
613 2238 647 2301 in
670 2238 780 2304 fabula
804 2260 941 2305 scaenae
965 2238 1102 2325 picturis
1126 2241 1232 2306 culina

135 2339 232 2404 fuerit
253 2348 507 2425 repraesentata,
536 2360 577 2401 an
598 2337 686 2421 ignis
710 2359 807 2421 quem
827 2360 925 2404 versu
946 2339 1008 2402 812
1029 2338 1098 2422 (καί
1121 2343 1190 2426 πῦρ
1200 2362 1232 2425 γε

137 2440 252 2520 cerari)¹
272 2439 307 2504 in
336 2462 455 2506 scaena
488 2439 629 2526 conspici
663 2438 871 2523 Bdelyclecn
902 2438 989 2519 dicit,
1021 2461 1064 2504 ex
1085 2441 1232 2506 aedibus

135 2541 282 2628 prolatus
311 2540 362 2618 sit,
395 2560 437 2602 ne
466 2540 502 2603 in
531 2539 588 2603 lite
609 2537 738 2621 agenda
769 2539 879 2623 algeat
907 2561 1020 2620 senex,
1055 2550 1233 2627 procerte

135 2663 202 2704 non
222 2640 343 2720 habeo,
367 2648 484 2720 tamen,
512 2638 586 2722 quia
616 2637 746 2737 saepius
771 2639 912 2704 culinam
934 2639 967 2703 in
992 2641 1121 2705 scaenis
1143 2642 1235 2707 iuxta

135 2740 278 2824 agrestia
299 2738 446 2804 aedificia
467 2738 630 2825 depictam
653 2759 725 2802 esse
745 2738 925 2820 videamus,
959 2740 1019 2804 hac
1042 2763 1179 2826 quoqne
1201 2741 1234 2808 in

130 2839 246 2904 fabula
268 2849 475 2925 conspectam
498 2839 691 2918 eamfuisse
716 2838 875 2904 existimo.
1199 2863 1202 2867 ’

137 3011 139 3015 ,
235 2940 318 3011 Tota
340 2941 442 3024 igitur
463 2962 599 3005 scaenae
620 2940 745 3027 pictura
761 2940 994 3024 Bdelycleonis
1017 2941 1134 3007 villam
1158 2967 1235 3010 con·

139 3041 235 3106 tinnit
248 3044 275 3082 ⁵⁹
304 3062 388 3125 quae
408 3039 541 3124 quidem
562 3040 666 3127 posita
691 3050 760 3106 erat
781 3041 867 3105 inter
888 3043 1053 3106 stabulum
1071 3042 1160 3108 illud
1181 3068 1235 3109 cu·

139 3143 318 3225 linamquc,
346 3140 611 3206 contabulatione
641 3150 789 3206 extructa
812 3142 936 3206 duabus
958 3142 1060 3227 portis
1082 3144 1238 3211 fenestris

138 3240 263 3306 camino
285 3252 398 3306 ornata
420 3251 517 3326 atque
542 3241 634 3306 initio
658 3250 746 3307 certe
769 3239 923 3305 dramatis
946 3242 1071 3306 retibus
1096 3245 1237 3309 obtecta

137 3343 264 3410 Domus
286 3352 394 3407 autern
415 3353 510 3428 porta
529 3343 681 3425 (scaenae
704 3351 797 3425 porta
819 3342 865 3424 A)
886 3341 1043 3404 clathrata
1062 3341 1168 3408 fuisse
1191 3345 1235 3408 vi·
1256 3366 1269 3378 “

139 3441 243 3521 detur,
278 3464 377 3527 quum
402 3441 592 3519 Philocleon
615 3441 711 3504 etiam
746 3451 823 3505 tnnc
846 3441 878 3504 in
910 3440 1045 3505 aedibus
1079 3445 1235 3510 occlusus

135 3545 203 3622 (vv.
219 3542 397 3625 tel-174)
414 3541 604 3625 colloquens
617 3563 689 3605 cum
713 3563 808 3605 servo
828 3551 860 3604 et
873 3541 941 3605 filio
961 3542 1190 3629 conspiciatur
1206 3554 1239 3608 et

139 3643 288 3709 audiatur
307 3665 326 3706 a
349 3640 586 3729 spectatoribus
599 3644 634 3702 ⁶⁰.
687 3641 735 3710 Ut
755 3639 915 3705 discamus
939 3642 1102 3726 quomodo
1125 3643 1237 3709 Philo

168 3812 172 3819 ’
239 3790 516 3871 ee'schoenbornius
535 3815 612 3870 urbis
631 3804 741 3886 qnoque
759 3823 868 3886 partem
889 3780 989 3873 deatrc
1008 3792 1132 3874 scaenae¹
1145 3820 1238 3877 latero

140 3907 326 3973 inconspectu
345 3903 430 3957 luisse
449 3903 614 3971 arbitratur,
639 3906 704 3974 quia
722 3906 884 3961 Philocleon
902 3925 935 3962 eo
955 3926 984 3962 se
1002 3907 1038 3961 ad
1055 3910 1154 3977 epulas
1174 3928 1241 3966 con·

140 3993 205 4057 lert,
224 4008 307 4059 quam
325 3992 492 4046 sententiam
508 3992 577 4046 mihi
594 3994 706 4062 quidam
724 4012 781 4048 non
797 3995 936 4062 probarit.

239 4080 275 4132 60
292 4077 326 4132 cf.
345 4095 416 4146 quae
433 4077 468 4132 de
485 4079 624 4136 clathrata
633 4082 704 4137 arcis
715 4081 887 4136 Athenarum
899 4085 983 4151 porta
999 4079 1037 4134 ad
1056 4054 1236 4150 Lysistratce

140 4163 263 4220 fabulam
283 4164 412 4222 disserui.
1026 4208 1028 4213 ⁴
1188 4203 1191 4208 .
