2724 4958
660 311 702 376 43

126 491 245 556 rimam
268 491 383 554 urbem
406 488 524 553 efferre
550 498 583 553 et
606 489 774 554 celebrare
797 509 852 553 eos
874 491 973 555 iubet.
1027 491 1120 556 Tunc
1151 491 1226 556 cho-

128 614 186 657 rus
209 612 336 656 summo
359 588 480 672 gaudio
501 589 640 654 affectus
660 588 826 653 admirans
860 590 977 654 laetam
1003 600 1228 679 repraesenta-

126 700 194 755 tam
217 689 394 774 imaginem
773 706 779 717 ·

190 779 292 857 ώταὶ
314 790 449 875 λιπαραὶ
472 790 524 855 καὶ
549 786 739 876 ἰοστέφανοι
766 789 820 856 καὶ
852 787 1048 878 ἀριζήλωτοι
1075 785 1228 879 Ἀθῆναι,

866 892 1027 975 (τ.1329)

127 994 272 1083 primum
302 992 428 1074 recitat,
458 990 578 1056 deinde
613 1015 712 1078 quum
737 991 953 1077 Agoracritus
976 995 1118 1060 Domum
1149 1015 1228 1079 quo·
1310 1052 1315 1063 .

129 1117 196 1182 que
219 1094 257 1157 iis
281 1091 511 1157 monstraverit
536 1093 602 1175 (vv.
629 1092 822 1174 11311132)
846 1102 879 1157 et
898 1094 985 1159 huno
1006 1094 1113 1178 ipsum
1138 1093 1230 1158 velut

130 1195 294 1262 Graeciae
317 1214 431 1277 regem
455 1192 583 1256 salutat.

234 1292 372 1357 Videtur
394 1290 495 1375 igitur
512 1290 639 1354 Demus
661 1311 727 1353 non
748 1299 824 1354 ante
847 1311 978 1354 versum
993 1290 1071 1355 1331
1096 1290 1130 1356 in
1154 1312 1230 1356 con·

128 1403 247 1480 spectu
276 1392 374 1456 fuisse
408 1391 452 1455 ita
481 1399 518 1454 ut
541 1399 637 1454 antea
662 1391 815 1455 Athenae
845 1390 920 1454 illae
943 1381 1073 1474 ἀρχαῖαι
1102 1393 1231 1479 pictura

129 1495 237 1559 solum
260 1501 527 1578 repraesentatae
552 1491 686 1555 fuerint.
742 1492 879 1556 Poetam
902 1492 963 1555 hoc
985 1492 1056 1555 loco
1078 1491 1229 1557 Athenas

128 1594 192 1660 sub
214 1595 355 1657 humana
387 1594 491 1656 forma
514 1591 721 1678 produxisse,
757 1590 832 1674 quia
860 1591 970 1675 paullo
994 1601 1066 1676 post
1090 1589 1231 1657 σπονδαί

128 1714 255 1778 eaeque
278 1691 461 1777 puellarum
483 1691 627 1778 speciem
651 1692 849 1776 praebentes
872 1689 1006 1772 intrant,
1030 1690 1229 1775 persuadere

129 1793 211 1857 mihi
233 1815 298 1857 non
320 1814 463 1878 possum,
486 1812 594 1874 neque
618 1790 735 1872 habco,
770 1812 833 1875 quo
858 1789 978 1854 veteris
999 1791 1089 1854 urbis
1112 1791 1226 1875 imagi-

127 1916 207 1959 nem
230 1901 435 1976 conspectam
456 1892 557 1956 iuisse
577 1891 786 1978 probaverim
798 1895 834 1954 ⁵⁶.
869 1891 941 1954 Hae
965 1901 1073 1954 autem
1097 1891 1228 1977 puellae

128 1987 277 2070 σπονδάς
298 2001 581 2077 repraesentantes
604 2000 679 2054 ante
704 2012 836 2054 versum
856 1991 936 2055 1389
958 2012 1024 2054 non
1048 1990 1229 2078 conspicie-

126 2095 258 2165 bantur,
283 2114 382 2175 quum
404 2093 466 2155 hoo
490 2091 561 2178 ipso
581 2113 679 2155 versu
701 2090 834 2178 prodire
859 2112 913 2155 eas
939 2091 1158 2175 Agoracritus
1180 2091 1226 2154 iu=

127 2193 234 2258 beret.
266 2190 350 2257 Usas
373 2191 484 2273 luisse,
508 2213 606 2275 quum
627 2190 795 2270 intrarent,
817 2191 920 2255 valvis
940 2190 1041 2274 regiis
1065 2189 1127 2274 (A)
1151 2188 1230 2254 inde

127 2291 229 2356 facile
250 2291 432 2375 colligitur,
467 2289 555 2376 quod
576 2291 794 2375 Agoracritus
818 2290 881 2354 iam
906 2288 961 2353 diu
991 2311 1045 2354 eas
1073 2289 1109 2354 in
1132 2290 1230 2355 Demi

128 2390 268 2456 aedibus
289 2391 452 2457 habitasse
474 2400 507 2455 et
528 2415 547 2456 a
569 2390 786 2476 Paphlagone
809 2391 928 2457 celatas
951 2389 1051 2456 fuisse
1075 2390 1167 2457 dixit.

280 2601 388 2655 intrant
477 2617 561 2656 versu
598 2604 682 2669 porta
692 2599 737 2654 vel
756 2598 836 2653 aditu
944 2603 1049 2652 exeunt

129 2716 236 2769 οἰκέται
253 2706 279 2767 α’
298 2707 324 2782 β’
530 2716 544 2766 1
670 2710 697 2765 A

266 2798 270 2805 ’
530 2802 565 2854 98
669 2798 695 2852 Α
830 2801 934 2864 ο1κέτης
951 2790 977 2865 β’

126 2890 237 2957 ornava
257 2881 284 2958 ρ’
528 2890 577 2940 101
668 2884 694 2938 Α

531 2978 580 3028 111
671 2974 696 3027 A
832 2975 937 3038 οἰκέτης
952 2965 979 3042 β’

126 3069 236 3131 oracta
253 3058 278 3132 ρ’
532 3065 582 3116 115
674 3062 700 3115 A

125 3144 338 3217 ἀλλαντοπώλης
531 3152 582 3206 146
671 3148 695 3202 F

126 3232 339 3304 ἀλλαντοπώλης
532 3239 583 3291 150
677 3236 707 3290 in
724 3233 864 3304 pulpitum
881 3232 1014 3288 escendit.

530 3327 582 3378 154
674 3324 701 3376 A
836 3325 940 3387 οἰκέτης
957 3314 983 3388 β’

126 3409 298 3487 Παφλαγών
531 3415 583 3469 235

123 3500 214 3577 χορός
527 3504 580 3558 246

528 3593 579 3644 481
835 3579 999 3657 Παφλαγών

529 3680 581 3732 497
834 3667 1041 3740 ἀλλαντοπώλης

528 3768 580 3819 497
833 3754 940 3827 oracta&
955 3755 981 3812 α’

128 3849 342 3919 ἀλλαντοπώλης
525 3855 577 3906 611

126 3935 298 4012 Παφλαγών
529 3942 581 3994 691

232 4131 267 4183 56
289 4133 414 4197 excepta,
435 4129 458 4181 si
477 4126 590 4195 quidem
610 4126 663 4179 huc
684 4122 786 4178 afferre
807 4123 1086 4196 licetversn13282·

284 4212 406 4286 (ἀρχαῖαι
420 4212 538 4284 Ἀθῆναι)
556 4255 562 4266 ,
584 4257 589 4268 .
611 4255 615 4265 .
635 4213 670 4267 ἵν’
688 4211 703 4265 ὁ
722 4207 826 4270 κλεινὸς
844 4211 941 4280 Δῆμος
961 4209 1124 4262 ἐνοικεῖ.
1172 4246 1176 4251 .
