2724 4958
624 268 696 355 '10

225 475 423 562 Incipiamus
445 474 546 560 igitur
570 477 609 540 ab
630 476 895 542 Acharncnsium
918 501 1016 544 versu
1038 480 1103 545 202
1126 505 1228 570 supra

128 578 192 640 iam
215 575 361 641 laudato:

132 706 140 717 ·
209 696 382 748 ΔΙΚΑΙΟΠ.
403 667 471 758 ἔξω
492 676 533 741 τὰ
556 669 626 742 κατ’
643 668 765 763 ἅγρούς
785 672 898 745 sturm
918 674 1085 746 Acerrime.

232 780 375 847 Primam
407 778 677 864 significationem
716 779 992 864 relinquendi
1027 802 1233 864 scaenam,

132 881 325 947 intrandi
352 881 510 945 domum
532 879 702 966 participio
725 873 836 946 εἰσιών
851 901 916 944 non
929 880 1035 945 inesse
1047 902 1147 968 posse
1163 889 1231 946 tam

127 982 224 1046 facilc
245 981 461 1064 intellegitur,
481 991 517 1044 ut
531 979 669 1066 amplius
681 980 723 1044 de
735 980 898 1067 Gepperti
920 980 1198 1065 interpretatione
1209 985 1234 1024 ¹⁰

125 1083 227 1148 verba
248 1083 355 1147 facere
377 1104 442 1146 non
465 1104 546 1167 opus
569 1081 619 1147 sit.
651 1080 790 1145 'Eadem
812 1091 918 1146 autem
942 1081 984 1145 de
1012 1104 1139 1163 caussa,
1170 1105 1230 1147 cur

127 1206 258 1249 versum
281 1192 346 1248 noir
368 1183 413 1246 ita
426 1183 701 1269 interpretemurz
726 1181 1108 1268 ‘exiturusDicnysia
1123 1201 1233 1266 agam,

128 1293 298 1371 postquam
319 1304 490 1366 regressus
513 1304 585 1346 sum
607 1283 643 1345 in
656 1283 828 1362 scaenam',
842 1318 879 1330 -
894 1305 968 1347 nam
980 1283 1015 1348 in
1025 1282 1098 1368 ipsa
1112 1304 1233 1348 scaena

133 1405 240 1450 coram
270 1383 509 1469 spectatoribus
539 1405 691 1470 pompam
721 1383 810 1447 illam
836 1383 935 1448 mittit
955 1383 1171 1469 Dicaeopclis
1193 1420 1233 1431 -

132 1479 244 1551 sistris
265 1484 401 1548 verbum
423 1482 609 1567 significare
633 1481 759 1567 nequit:
797 1484 977 1570 ‘postquam
995 1505 1159 1549 scaenam
1181 1505 1233 1548 re·

127 1584 209 1669 liqui
231 1583 376 1648 iterum
397 1582 407 1646 i
415 1583 569 1649 ntrans’.
596 1582 755 1669 Superest
776 1583 877 1667 igitur
899 1583 1031 1648 illorum
1051 1585 1233 1650 verborum

128 1682 324 1769 significatio
338 1684 443 1747 tertia.
466 1683 539 1765 Qua
551 1691 656 1747 sumta
678 1683 705 1747 si
727 1705 857 1749 versum
879 1684 1032 1748 verteris:
1056 1682 1235 1751 ‘domum

129 1784 164 1870 (i.
189 1806 216 1849 e.
238 1783 309 1863 rus)
331 1783 401 1849 ibo
423 1785 533 1868 ibique
559 1784 722 1869 Dionysia
744 1785 847 1870 agam’
871 1794 959 1850 recte
990 1794 1022 1848 et
1050 1785 1162 1851 lucum
1186 1788 1234 1852 in·

129 1883 299 1951 tellexeris
323 1893 355 1948 et
375 1885 473 1950 totius
489 1885 619 1950 fabulae
631 1907 701 1951 rem
713 1885 904 1967 scaenicum,
927 1907 990 1970 qua
1012 1908 1073 1972 par
1085 1895 1138 1952 est
1158 1887 1233 1952 sim-

128 1985 276 2072 plicitate
300 1985 517 2068 constitueris,
532 2026 535 2033 ·
550 2008 613 2070 qua
644 1985 749 2052 dere
772 1985 859 2051 infra
880 1985 1013 2050 uberius
1035 1985 1099 2052 erit
1122 1985 1234 2074 dispu-

130 2084 275 2150 tandum.

226 2183 323 2248 Pacis
347 2182 478 2250 fabulae
500 2185 536 2249 in
557 2206 654 2250 versu
675 2183 757 2251 4272

213 2305 353 2354 ΕΡΜΗΣ
381 2335 389 2350 .
473 2334 482 2350 .
504 2276 586 2350 ἀλλὰ
603 2290 676 2363 ταῖς
694 2277 797 2370 ὅίμαις

391 2381 548 2464 εἰσιόντες
567 2382 615 2464 ὥς
631 2383 766 2468 τάχιστα
784 2384 863 2465 τοὺς
883 2387 1001 2466 λίθους
1018 2380 1191 2476 ἀφέλκετε.

129 2510 227 2573 quum
251 2488 413 2574 quomoda
437 2489 697 2572 intellegendum
711 2498 798 2554 esset
823 2489 1032 2576 participium
1056 2486 1228 2574 εἰσιόντες,

130 2589 300 2672 nescirem,
322 2590 410 2654 hunc
432 2610 561 2674 quoquc
582 2590 691 2653 locum
713 2613 812 2678 supra
833 2589 1048 2655 amittendum
1070 2594 1188 2678 putavi
1200 2596 1234 2660 ¹¹.

212 2909 246 2961 10
266 2908 423 2976 Geppertus
438 2904 494 2972 (dic
512 2906 718 2977 ulturiecbiscbc
736 2898 842 2961 Bubus
862 2904 1048 2977 Laipz.1843)
1066 2922 1235 2977 quamquam

129 2994 236 3064 primus
263 2998 293 3048 et
321 2993 351 3047 ni
378 2992 460 3047 fallor
477 2999 591 3062 praeter
619 2995 753 3063 exiguam·
773 2993 975 3049 Schoenbornii
1005 2993 1061 3062 (ciis
1079 2994 1169 3051 seam
1187 2995 1237 3052 der

130 3081 261 3138 Helenen
278 3081 372 3151 Leipz.
390 3084 461 3135 1858
488 3081 606 3153 ρ.311,*)
633 3087 735 3135 notam·
759 3085 833 3134 solus
860 3083 951 3135 totam
979 3080 1052 3135 hauc
1079 3080 1116 3135 da
1140 3081 1238 3136 verbis

131 3173 243 3223 εἱσιέναι
264 3173 300 3226 ,ct
329 3170 426 3229 ἐξιέναι
452 3167 643 3239 quaestionem
670 3169 808 3237 instituit,
823 3230 825 3235 ,
841 3172 935 3229 tamen
958 3185 1058 3238 parum
1087 3169 1237 3237 probabile

134 3260 279 3312 assecutus
298 3259 341 3310 est
358 3256 455 3325 paucis
482 3260 591 3310 tantum
611 3256 680 3311 locis
697 3256 859 3330 perspectis
870 3256 1024 3325 iisdemque
1042 3254 1135 3309 minus
1155 3272 1238 3311 accu-

131 3349 192 3400 rate
210 3330 356 3399 enarratis.
402 3342 512 3398 Afferre
536 3343 656 3398 sufficiat
684 3361 752 3421 quae
779 3345 813 3399 da
839 3337 888 3405 ina
910 3343 1132 3399 Acharnensium
1152 3364 1239 3402 versu

132 3428 201 3488 dicit
217 3434 254 3502 (p.
269 3429 344 3504 163):
366 3432 431 3507 {ch
444 3435 500 3488 will
515 3433 714 3502 hinetuqabcru«
734 3438 797 3502 sapt
816 3428 887 3487 aucis
905 3423 1085 3502 Diccccpolc'a
1102 3433 1238 3490 uucbdem

132 3524 160 3578 c'r
184 3521 242 3576 sich
260 3521 340 3589 luuyc
365 3535 455 3590 peuuy
488 3521 621 3575 druusscu
639 3535 689 3575 cor
714 3521 767 3575 deu
787 3516 964 3575 Zuscbuueru
992 3519 1170 3589 eusycbultru
1190 3522 1240 3576 bat

132 3609 191 3664 aad
207 3608 270 3678 fr'tpt
291 3607 439 3662 tomiscaer
450 3606 536 3663 Wca'ae
552 3600 649 3663 uuas.-
672 3608 773 3662 »duma't
789 3604 897 3662 arbriae
913 3607 1070 3662 sumturum
1077 3606 1240 3678 Dionysias

131 3697 219 3765 faieru
236 3696 333 3751 traua«

240 3786 272 3839 11
293 3783 460 3852 Geppertus‚
479 3782 618 3852 Engerua
636 3781 658 3834 Ι.
677 3781 836 3846 Richterus,
856 3779 1080 3835 Schoenbornius
1105 3797 1162 3834 uno
1191 3798 1237 3836 ea·

100 3874 106 3880 ⁹
138 3871 256 3940 demque
276 3870 332 3923 sera
350 3869 434 3923 modo
451 3869 629 3938 interpretati
649 3871 833 3933 auctionum,
853 3886 938 3937 quum
956 3871 1084 3923 vertant:
1112 3856 1240 3939 Gepper·

132 3962 178 4012 tus
199 3958 236 4028 (p.
249 3959 325 4024 162):
351 3957 449 4010 tcmmt
466 3971 496 4010 sc
515 3956 684 4026 qcscbwtudc
702 3958 744 4011 ata
761 3956 879 4026 subplici»
896 3956 988 4010 teratu
1005 3954 1064 4009 unct
1081 3955 1170 4011 rubet
1191 3956 1238 4012 dia

132 4046 224 4103 staua
242 4061 307 4116 wey.

234 4132 639 4204 EngsrustMus.Rhen.1864
656 4133 710 4187 vol·
721 4131 760 4185 IX
777 4148 803 4202 p·
820 4133 899 4199 urai:
917 4146 948 4186 so
967 4131 1079 4201 beyebcu
1099 4131 1159 4187 sich
1179 4131 1238 4187 ‹tie-

132 4223 221 4278 satbeu
240 4223 290 4291 (sc.
310 4221 469 4290 choreutae)
482 4237 536 4276 corr
553 4220 765 4276 decorabantur
783 4219 841 4288 uus-
851 4219 896 4275 dia
913 4217 1002 4276 Saeua.
1123 4234 1125 4241 ’
