2724 4958
655 303 698 368 44

128 483 226 554 Δῆμος
521 486 575 538 728
664 484 689 537 A

523 573 576 625 972
663 572 690 624 A
826 567 991 644 Παφλαγών

527 699 533 712 .
554 698 585 712 ..
668 658 693 711 D
828 654 1037 727 ἀλλαντοπώλης

128 738 293 816 Παφλαγών
526 748 578 799 997
666 746 690 799 A

128 826 335 899 ἀλλαντοπώλης
519 835 572 887 997
662 833 688 886 D

529 925 597 975 1110
668 922 694 975 A
828 920 993 994 Παφλαγών

44 1051 49 1059 .
529 1051 535 1064 .
559 1051 565 1064 .
589 1050 594 1062 .
665 1009 690 1063 D
827 1006 1036 1078 ἀλλαντοπώλης

129 1091 294 1167 Παφλαγών
529 1099 598 1151 1150
668 1097 692 1150 A

128 1176 337 1249 ἀλλαντοπώλης
535 1225 540 1236 .
561 1227 567 1238 .
587 1226 592 1237 .
665 1186 690 1237 D

528 1272 631 1326 11525‘1
667 1272 691 1326 Ε
827 1274 991 1344 Παφλαγών

528 1363 595 1414 1262
667 1361 693 1414 A
828 1363 924 1435 Δῆμος
944 1357 1162 1430 ἀλλαντοπώλης

120 1439 308 1516 Ἀγοράκριτος
526 1451 594 1502 1310
667 1450 691 1501 A

130 1533 227 1603 Δῆμος
525 1540 593 1590 1331
667 1538 691 1589 Α

131 1622 254 1675 σπονδαί
527 1628 594 1679 1389
667 1625 691 1676 A

530 1714 598 1766 1408
668 1713 693 1764 A
830 1714 926 1784 Δῆμος
946 1709 1139 1785 Ἀγοράκριτος

906 1801 1029 1854 σπονδαί

663 1887 686 1940 F
812 1882 899 1959 χορός

602 2093 737 2177 Nubes

230 2293 338 2375 Quum
362 2317 552 2383 persuasum
575 2297 652 2361 mihi
671 2297 806 2362 habeam
829 2297 974 2364 Nubium
1000 2298 1149 2363 fabulam
1164 2322 1230 2364 non

131 2396 175 2459 ita
194 2395 227 2460 in
242 2419 392 2462 scaenam
408 2399 602 2485 productam
624 2421 707 2482 csse,
727 2401 829 2484 qualis
844 2400 937 2464 nobis
959 2402 1061 2464 altera
1084 2401 1232 2465 editione

130 2496 213 2561 facta
235 2497 353 2560 tradita
376 2509 435 2578 est,
464 2499 586 2562 nullius
611 2503 736 2563 tructus
758 2501 830 2564 fore
854 2510 932 2585 puto
956 2499 982 2564 si
1006 2500 1076 2564 eius
1099 2503 1231 2567 scaeni-

131 2616 205 2659 cum
227 2605 415 2681 apparatum
437 2597 624 2682 indagaturi
646 2621 803 2665 essemus.
857 2599 947 2664 Fieri
966 2609 1074 2663 tamen
1108 2610 1231 2686 potest,

130 2706 166 2759 nt
191 2707 392 2763 caeterarum
415 2699 656 2764 comoediarum
681 2722 762 2786 quac
785 2701 913 2764 adrem
937 2701 1123 2765 scaenicam
1156 2703 1228 2766 att-i-

131 2806 239 2879 neant,
270 2807 360 2861 recte
390 2808 423 2862 et
452 2799 594 2864 dilucide
625 2801 803 2865 observatis
836 2810 868 2864 et
898 2772 1117 2888 pertractari,
1151 2812 1231 2870 tunc

134 2919 264 2982 quoquc
287 2897 328 2962 de
355 2898 479 2966 duabus
494 2900 639 2966 Nubium
662 2901 861 2967 editionibus
883 2923 1060 2987 earumque
1080 2922 1115 2967 re
1141 2912 1232 2970 scae·

135 2996 208 3063 nica
234 3008 356 3063 certum
380 2998 534 3064 iudicium
558 3002 732 3088 capiamus.

598 3212 748 3321 Vespae

232 3418 437 3502 Quamquam
454 3417 721 3484 Schoenbornius
744 3426 834 3482 recte
857 3418 920 3483 iam
943 3419 1068 3483 monuit
1096 3421 1143 3506 (p.
1156 3420 1234 3499 213)

133 3516 316 3603 Vesparum
341 3539 489 3582 scaenam
512 3539 578 3581 non
601 3526 756 3581 mutatam
787 3538 857 3581 esse
883 3539 1083 3601 scaenaeque
1113 3528 1234 3582 ornatu

133 3616 360 3682 Phliocleonis
378 3617 489 3681 villam
519 3617 680 3704 depictam
697 3616 797 3682 fuisse
816 3618 971 3681 tamenin
989 3616 1083 3681 huius
1101 3618 1237 3683 fabulae

133 3737 203 3781 rem
218 3717 397 3782 scaenicam
414 3716 594 3781 accuratius
608 3715 839 3803 inquirendum
852 3717 946 3782 nobis
961 3716 1116 3800 relinquit
1130 3740 1235 3801 quum

133 3817 308 3881 nonnullos
330 3839 443 3882 versus
465 3816 505 3882 ad
530 3816 616 3881 hanc
641 3840 710 3882 rem
734 3827 919 3902 spectantes
942 3817 1047 3881 minus
1069 3826 1161 3881 recte
1183 3818 1229 3880 in·

132 3927 330 4003 terpretatus
353 3918 404 3982 sit.

231 4120 264 4171 57
279 4118 430 4187 quominus
456 4117 665 4187 Paphlagonem
688 4118 743 4171 iam
762 4116 814 4170 hoc
832 4134 915 4170 versu
942 4117 1043 4170 exiisse
1062 4120 1234 4177 statuamus.

132 4223 215 4260 versu
237 4209 304 4263 1407
324 4206 489 4276 pronomine
508 4208 610 4266 ἐκεῖνος
629 4225 684 4258 non
701 4207 888 4274 prohibemur.
