2724 4958
708 275 751 340 20

221 467 241 530 3
265 485 335 549 arg.
349 461 436 528 Nub.
449 461 506 526 III
527 458 566 525 τὸ
587 456 623 524 δὲ
643 458 751 543 δρᾶμα
770 461 837 522 τῶν
858 452 943 524 πάνυ
966 460 1110 540 δυνατῶς
1141 486 1284 550 memorq-

262 563 369 649 μένων
389 589 431 620 =
452 581 523 646 arg.
545 559 678 626 Nub.X

264 667 304 732 ef.
327 686 396 749 arg.
421 661 587 728 Nub.VlI
606 657 645 727 τὸ
669 660 705 727 δὲ
726 661 834 745 δρᾶμα
853 652 911 749 τῆς
925 657 1002 749 ὅλης
1016 659 1189 750 ποιήσεως
1210 660 1286 730 aett-

262 759 373 831 λιστόν
394 786 476 852 φασι
497 761 552 826 καὶ
572 756 817 843 τεχνικώτατον.

221 869 241 929 4
263 889 331 974 ατβ.
355 864 462 932 Paci
484 858 523 927 τὸ
545 860 581 927 δὲ
601 863 708 946 δρᾶμα
728 865 795 926 τῶν
814 853 894 946 ἄγαν
915 863 1240 950 ἐπιτετευγμένωνῖῑ.

222 969 334 1050 berg.
365 966 468 1030 Aul
500 958 539 1027 τὸ
562 962 685 1046 ὄρᾶμια
703 965 818 1027 ,τοῦτο
848 966 914 1027 τῶν
942 954 1021 1049 ἄγαν
1053 966 1200 1045 δυνατῶς
1228 992 1288 1032 πε-

263 1065 459 1150 παιημὲνων.

221 1169 241 1231 6
262 1168 364 1233 schol.
385 1167 519 1231 Thesm.
539 1163 712 1229 Duebneri
733 1186 831 1229 versu
857 1167 877 1227 3
913 1166 967 1231 καὶ
994 1170 1092 1233 τοῦτο
1113 1163 1152 1233 τό
1176 1169 1289 1254 δρᾶμα

263 1270 330 1332 τῶν
351 1267 420 1330 κατ’
442 1257 622 1349 Εὐριπίδου
643 1264 886 1350 πεποιημένων.

223 1368 240 1430 7
265 1390 335 1452 arg.
360 1366 471 1432 Raml
493 1361 531 1431 τὸ
552 1363 589 1431 δὲ
607 1364 718 1450 δρᾶμα
741 1369 808 1430 τῶν
832 1352 873 1430 εὖ
905 1360 990 1431 πάνυ
1022 1366 1076 1431 καὶ
1097 1364 1290 1456 φιλαλόγως

263 1466 505 1552 πεποιημένων.

278 1653 349 1716 Iam
357 1651 496 1714 vidimus
509 1659 663 1734 quantum
677 1649 862 1715 facultatem
874 1651 1061 1736 inquirendi
1075 1651 1108 1715 in
1122 1675 1177 1717 res
1192 1677 1285 1720 aeae-

182 1752 271 1816 nieas
294 1752 364 1838 ipse
388 1762 484 1838 poeta
506 1751 690 1815 fabularum
711 1750 821 1815 verbis
842 1751 937 1816 nobis
958 1753 1124 1840 praebeat,
1147 1765 1180 1818 et
1204 1756 1285 1839 quid

181 1875 225 1916 ex
245 1852 535 1934 grammaticorum
560 1851 674 1914 studiis
696 1851 817 1914 lucrari
838 1875 1021 1938 possumus,
1079 1853 1149 1917 Hoc
1180 1876 1287 1918 unum

184 1963 295 2036 restat,
316 1962 352 2016 ut
374 1963 467 2016 notas
487 1952 651 2016 scaenicas
676 1951 816 2037 singulis
839 1953 956 2017 fabulis
977 1955 1031 2018 vel
1055 1954 1096 2018 ab
1117 1953 1190 2043 ipso
1205 1955 1286 2020 Ari-

183 2053 341 2138 stophane
363 2054 416 2116 vel
437 2053 477 2114 ab
501 2075 540 2116 eo
562 2052 616 2134 qui
647 2053 775 2116 fabulas
809 2052 878 2116 eius
910 2053 943 2116 in
974 2075 1122 2118 scaenam
1158 2055 1287 2140 produ-

182 2154 304 2219 cendas
327 2153 502 2235 curaverit,
514 2153 656 2217 adiectas
666 2157 693 2194 ²²
704 2154 814 2239 paullo
826 2154 1009 2219 accuratius
1024 2164 1286 2242 perscrutemur.

291 2341 325 2392 21
344 2338 471 2392 conferas
489 2338 571 2390 velim
590 2338 748 2407 argumenti
759 2338 927 2407 Euripideac
945 2339 1052 2394 Orestis
1070 2329 1182 2409 partem
1198 2358 1287 2410 qnam

180 2428 265 2482 litera
286 2427 318 2481 F.
338 2427 612 2496 Trendelenburgius
629 2425 678 2479 hl.
697 2427 750 2494 μθ
767 2428 889 2480 notavit:
917 2424 948 2480 τὸ
967 2427 1061 2499 δρᾶμα
1078 2429 1133 2481 τῶν
1150 2429 1200 2482 aa
1216 2447 1287 2498 σκη-

180 2518 227 2584 νῆς
245 2495 473 2586 seronior-mcv.
512 2513 684 2568 Vertendum
705 2517 779 2566 esset
796 2512 877 2567 nobis
897 2514 932 2568 de
948 2512 1001 2568 hae
1018 2514 1172 2584 Euripiden
1188 2515 1287 2571 fabula

178 2603 313 2657 iudicium
334 2603 393 2656 »eia
412 2600 625 2655 Butaeaatecm
646 2600 831 2669 similiterque
848 2600 950 2656 Pacem
969 2601 1211 2672 Aristophanem,
1239 2622 1284 2657 ar·

179 2689 305 2761 gementi
322 2695 409 2744 verba
430 2690 649 2758 interpretantes
669 2690 731 2743 »eia
750 2689 1045 2759 Ausetattwapaatttclt‹
1064 2690 1282 2761 appellaremus.

279 2779 313 2829 22
332 2777 379 2845 qui
401 2795 471 2830 uuus
491 2778 562 2830 hanc
582 2794 638 2831 non
657 2777 737 2846 parvi
761 2778 896 2830 momenti
921 2795 980 2832 rem
1008 2778 1120 2832 uberius
1139 2781 1281 2834 tractavit

179 2865 212 2920 V.
221 2864 333 2917 Rostius
343 2864 562 2939 (programmate
576 2865 687 2919 scholae
696 2864 857 2918 Thomanae
870 2866 914 2918 ‘de
933 2866 1043 2919 ratione
1060 2867 1137 2920 vocis
1157 2884 1281 2937 παρεπι-

177 2949 282 3024 γραφή’
296 2955 456 3022 conscripto
470 2953 638 3022 Lipsiaeque
657 2970 730 3006 anno
743 2952 910 3021 MDGCOIII
931 2954 1018 3020 edito)
1038 2957 1097 3007 tam
1108 2953 1208 3008 leviter
1220 2972 1284 3009 rem

180 3040 285 3110 tetigit,
313 3045 344 3094 ut
363 3058 420 3093 non
439 3041 547 3094 frustra
564 3042 599 3094 de
619 3041 835 3110 paropigraphis
854 3042 1046 3109 quaestionem
1070 3042 1173 3096 iterum
1200 3043 1287 3097 insti-

180 3132 261 3182 tuere
280 3128 360 3182 nobis
373 3129 524 3182 videamur.
541 3129 737 3198 Negleguntur
755 3130 829 3182 enim
847 3129 906 3182 illic
924 3146 959 3182 ex
976 3129 1161 3198 quadraginta
1179 3148 1286 3184 novem

182 3216 403 3286 παρεπινραφῶν
421 3215 555 3282 exemplis
574 3215 675 3282 viginti
691 3218 765 3278 octo,
781 3232 852 3283 quae
870 3216 932 3284 ipse
950 3217 1114 3269 coniectura
1131 3215 1224 3282 finxit,
1246 3220 1286 3272 af·

177 3305 314 3357 feruntur.
326 3301 417 3355 Schol.
438 3301 658 3356 nebarnensium
677 3320 701 3363 y,
715 3304 784 3355 1146
798 3321 824 3371 p.
836 3302 874 3356 vl
898 3321 915 3356 a
927 3303 1026 3358 Restio
1045 3304 1203 3358 laudatum:
1223 3307 1284 3360 ἔστι

179 3479 313 3531 δείκνυται
335 3477 422 3530 Biseti
443 3480 495 3544 est,
523 3476 611 3547 igitur
628 3477 698 3530 nihil
716 3478 825 3547 probat.
844 3509 872 3516 --
891 3477 967 3544 Quae
986 3478 1021 3531 de
1039 3481 1288 3547 pareneyclemate

178 3565 312 3621 disseruit
329 3563 444 3617 Rostius
462 3582 518 3618 non
536 3566 578 3617 ita
597 3571 663 3619 sunt
680 3568 850 3632 comparata,
874 3576 904 3619 ut
920 3566 972 3620 hac
993 3566 1028 3621 de
1048 3583 1079 3621 ra
1098 3567 1227 3635 quaestio
1248 3569 1287 3623 ad

178 3653 261 3708 finem
280 3651 418 3721 perducta
434 3669 495 3706 esse
513 3652 650 3706 videatur.
673 3683 707 3691 -
722 3651 811 3707 Recte
828 3657 922 3708 tamen
939 3653 1049 3708 monuit
1067 3651 1289 3728 παρεπιγραφᾶς

178 3743 305 3794 veterum
331 3740 361 3791 in
379 3739 598 3808 Aristophanem
619 3741 730 3795 scholiis
749 3741 870 3803 insertas
890 3743 1069 3811 respondisse
1086 3743 1201 3796 ‘notulis
1217 3743 1287 3798 istis

177 3827 207 3880 in
225 3831 386 3881 nostrorum
404 3831 552 3897 poetarum
570 3827 672 3882 fabulis
691 3830 899 3893 occurentibus,
913 3847 985 3898 quae
995 3829 1152 3884 minoribns
1165 3830 1287 3900 litteris,

174 3931 209 3968 ne
226 3914 255 3967 in
275 3915 375 3968 seriem
395 3915 530 3968 orationis
547 3915 760 3983 transferantur,
781 3935 929 3986 expressae
951 3924 980 3971 et
999 3918 1109 3972 uncinis
1129 3922 1286 3988 praeterea

176 4003 307 4068 inclusae,
326 4004 461 4069 indicant,
481 4005 549 4072 quid
567 4006 602 4059 ab
622 4006 761 4061 histrione
779 4008 826 4076 agi
844 4011 893 4060 aut
913 4009 943 4060 in
960 4024 1041 4061 scena
1053 4007 1096 4060 vel
1107 4009 1172 4076 post
1184 4008 1287 4064 aulaea

179 4089 241 4144 fieri
262 4092 379 4145 debeat)
398 4122 432 4131 -—
451 4091 622 4146 Fritzsehius
653 4100 721 4149 nota
745 4095 780 4148 ad
796 4095 1146 4164 Thesmophoriazusarum
1168 4113 1285 4151 versum

181 4182 233 4233 130
251 4180 392 4246 (editionis
412 4181 514 4249 pagina
532 4183 578 4233 411
604 4180 688 4234 fidem
708 4183 886 4250 antiquitatis
906 4183 1007 4237 habere
1027 4182 1097 4236 dicit
1115 4184 1283 4253 perepigra·
