2724 4958
663 300 706 365 ³0

133 484 208 549 cuit,
252 480 339 547 Pace
363 490 470 545 autom
501 504 520 543 a
541 480 813 546 Lacedaemoniis
843 483 1022 570 impetrata
1045 508 1144 571 quum
1162 487 1221 574 ipse

138 582 247 648 statim
277 602 313 646 se
347 580 381 644 in
407 602 507 666 agros
536 580 723 661 contulerit,
754 582 979 668 Amphithcus
1001 586 1220 652 Acharnenscs

137 702 235 747 senes
257 682 374 763 fugere
409 681 519 767 pergit
546 682 604 763 (cf,
625 702 677 745 vv.
702 680 764 746 185
786 682 873 767 203).
928 682 973 748 Hi
993 696 1108 751 utrum
1129 687 1222 753 etism

136 803 222 845 nunc
244 782 325 845 foris
346 803 387 845 an
419 780 454 845 in
477 781 547 867 ipsa
581 783 663 846 urbe
685 803 771 861 curn,
792 783 849 868 qui
871 806 989 871 pacem
1010 786 1222 875 apportaverit

134 882 299 947 bominem
333 882 541 966 conquirant,
572 880 714 946 dubitari
737 884 862 969 nequit.
917 882 1003 950 Nam
1022 888 1221 972 sequentibus

133 982 280 1047 versibus
304 991 379 1047 ante
395 981 645 1067 Dicaeopolidis
667 984 839 1069 praedium
860 994 983 1050 stantes
1005 1006 1065 1052 eos
1088 987 1221 1053 videmus

133 1093 229 1167 atque
252 1093 363 1168 postea
384 1106 456 1147 cum
474 1084 532 1147 ille
555 1084 763 1151 altercantes.
807 1085 970 1171 Cogimur
991 1086 1106 1171 igitur,
1127 1099 1162 1153 ut
1175 1089 1217 1153 vel

130 1192 205 1248 ante
228 1184 317 1247 chori
352 1182 509 1271 paredum
546 1183 646 1259 (inter
669 1207 784 1252 versus
813 1186 876 1252 203
909 1196 942 1251 et
966 1188 1045 1271 204)
1068 1190 1122 1254 vel
1141 1192 1221 1255 inea

131 1282 297 1347 recitanda
326 1283 490 1357 (versibus
512 1285 578 1349 2⁰4
593 1289 680 1371 sqq.)
716 1308 869 1350 scaenam
901 1297 1062 1353 mutatam
1089 1310 1161 1354 esse
1179 1310 1219 1353 sn·

131 1408 265 1467 ruamus,
295 1385 338 1450 ita
367 1386 510 1472 quidem,
547 1397 584 1450 ut
614 1410 701 1453 nunc
734 1398 898 1474 agrestem
929 1388 1098 1473 quendam
1124 1390 1220 1455 viarm

130 1485 296 1571 depictum
330 1496 527 1573 spectemus,
561 1487 653 1551 euius
680 1485 721 1551 de
755 1486 860 1551 ferma
884 1487 972 1552 infra
998 1511 1106 1574 pauca
1138 1498 1222 1555 erunt

129 1585 311 1651 adicienda.

231 1685 414 1768 Quominus
443 1685 475 1748 in
510 1685 648 1749 caeteris
681 1686 812 1752 fabulae
841 1689 991 1774 partibus
1012 1712 1154 1754 scaenae
1176 1710 1218 1754 or·

131 1794 206 1849 natu
232 1784 331 1848 iidem
355 1805 485 1870 semper
498 1786 677 1869 agrestium
701 1798 734 1850 et
754 1787 978 1853 aedificiorum
1002 1798 1037 1854 et
1057 1789 1220 1874 regionum

134 1895 328 1971 conspectus
352 1887 578 1972 praebeantur,
602 1887 754 1972 graviora
787 1898 942 1975 quantum
964 1888 1065 1955 video
1088 1910 1156 1954 non
1175 1890 1217 1953 ob

133 1996 237 2069 stant,
274 2007 468 2071 quamquam
500 1987 648 2072 plerique
679 1988 741 2052 viri
769 1988 857 2053 docti
887 1989 1164 2070 necessariores
1189 1987 1218 2051 in

127 2089 209 2152 urbe
222 2086 275 2171 agi
299 2086 423 2152 dicunt.
450 2086 600 2174 Namque
626 2089 767 2174 primum
790 2086 963 2176 quominus
985 2089 1107 2154 iudea
1133 2110 1219 2153 versu

128 2187 190 2251 204
216 2210 319 2272 usquc
346 2188 386 2251 ad
418 2188 570 2253 dramatis
599 2190 699 2254 finem
729 2185 879 2255 eundem'
902 2186 1043 2255 scaenae
1081 2198 1219 2255 ornatum
1258 2238 1261 2267 ἱ

129 2298 310 2372 asservent,
322 2288 556 2376 impedimento
577 2290 617 2354 iis
631 2300 681 2354 est
699 2290 850 2376 dialogus
867 2290 925 2355 ille
945 2291 1031 2355 inter
1044 2290 1221 2377 Dicaeopo·
1259 2306 1261 2313 ·

129 2390 229 2454 lidcm
257 2398 290 2454 et
311 2388 513 2476 Euripidem.
557 2391 674 2472 Quem,
696 2413 794 2474 quum
809 2388 1026 2475 Phlycnsium
1053 2390 1154 2455 tribui
1174 2389 1220 2453 ad·
1259 2384 1261 2389 ’

133 2489 274 2576 scriptus
296 2489 409 2569 suerit,
433 2513 498 2554 nen
522 2491 663 2555 eundem
695 2490 809 2555 dicunt
830 2511 953 2576 pagum
976 2490 1147 2556 domicilio
1168 2490 1219 2553 ba·

129 2593 207 2656 berc
241 2611 337 2676 posse
360 2599 458 2673 atque
481 2589 753 2676 Dicaeopolidem
780 2590 1031 2676 Obollidaeum,
1063 2593 1163 2657 immo
1191 2590 1220 2654 in

128 2693 210 2755 urbe
235 2688 427 2777 Euripidem
450 2688 579 2755 fabulae
610 2700 759 2776 tempore
786 2692 886 2756 vitam
909 2690 1043 2776 degisse
1067 2689 1221 2758 verisimi-

129 2792 193 2855 lius
217 2812 289 2854 csse
313 2799 437 2876 putant,
461 2813 497 2854 re
517 2790 754 2878 simplicissima
772 2791 869 2856 nimis
890 2792 1031 2880 spineae·
1044 2792 1219 2859 observata

129 2992 242 3057 tribuit
277 2990 517 3077 Aristophanes
551 3028 590 3039 -
624 3014 706 3078 quae
729 3002 837 3078 partes
859 3016 878 3057 a
900 2992 1102 3058 nostratibus
1125 2995 1221 3078 epsic-

127 3091 237 3155 da'sclre
270 3091 335 3154 dici
364 3091 472 3155 solent
493 3126 533 3139 -
555 3101 591 3156 ut
615 3103 648 3155 et
672 3093 828 3179 temporis
851 3101 884 3156 et
905 3094 1053 3157 locorum
1077 3090 1222 3178 aequabi-

128 3191 251 3256 litatem
273 3190 446 3275 negligere
466 3191 495 3255 ei
516 3190 644 3255 liceret.
687 3192 804 3256 Totam
820 3192 911 3256 illam
933 3191 1220 3280 iuterEluripidem

128 3302 160 3357 et
181 3290 452 3375 Dicaeepolidem
486 3292 636 3355 scaenam
668 3294 804 3357 caeteris
836 3293 1033 3378 interposuit
1054 3303 1154 3378 pocta
1175 3290 1221 3356 bis
1252 3338 1260 3347 .

128 3392 205 3455 selis
225 3389 404 3455 rationibus
429 3391 712 3476 utDieaeopolide
735 3393 934 3477 tragicorum
944 3391 1116 3480 Euripidis
1140 3412 1222 3456 men·

129 3491 274 3556 dicorum
300 3491 502 3556 vestimentis
524 3492 706 3556 miserrime
730 3492 1115 3579 exornatehuncjpsum
1137 3514 1222 3559 acer·

128 3592 209 3657 rime
242 3591 396 3657 irrideret
426 3603 458 3656 et
486 3592 735 3678 perstringeret.
789 3594 898 3677 Igitur
928 3616 1002 3657 oum
1026 3612 1143 3659 versus
1177 3593 1223 3658 illi

127 3692 295 3758 385-489
318 3715 432 3778 parum
455 3704 545 3758 arcte
570 3717 642 3756 eum
665 3694 803 3758 caeteris
832 3695 962 3785 fabulae
983 3695 1133 3782 partibus
1155 3716 1224 3760 con·

127 3793 228 3858 iuncti
253 3793 326 3876 sint,
359 3814 420 3857 nec
441 3792 580 3856 multum
603 3793 731 3858 intersit
755 3816 814 3859 suo
835 3792 970 3882 proprio
996 3794 1030 3858 in
1051 3818 1141 3883 pago
1162 3794 1224 3860 Eu·

127 3894 267 3980 ripidem
292 3917 364 3958 cum
386 3894 626 3982 Dicaeopolide
659 3895 817 3980 colloqui,
844 3893 924 3958 nibil
950 3892 1129 3981 queminus
1153 3915 1224 3959 eau-

128 3994 318 4077 dematque
350 4002 446 4058 antea
472 4015 623 4058 scaenam
652 3993 741 4059 hisee
771 3993 849 4080 ipsis
869 3992 1019 4067 versibus
1049 3994 1226 4061 recitandis

127 4115 306 4175 servemus,
341 4093 487 4181 impedit,
520 4093 711 4179 praesertim
745 4117 844 4180 quum
865 4115 908 4159 ne
933 4103 1137 4159 momentum
1160 4094 1227 4181 qui·

127 4193 201 4259 deur
224 4195 353 4273 iustum,
376 4217 439 4281 quo
461 4216 598 4261 scaenae
622 4203 754 4260 ornatus
770 4204 923 4275 mutetur,
945 4193 1089 4259 inveniri
1114 4197 1227 4285 possit.
