2724 4958
742 314 790 380 3,

219 498 457 582 tribui,.neque
474 495 629 561 siluisset
651 504 728 561 tuuc
751 497 837 561 bello
861 497 958 562 etiam
981 499 1110 565 furente
1131 498 1199 566 ruri
1218 502 1303 569 domi·

222 598 335 663 cilium
365 598 485 662 hahcrc
507 597 677 684 potuisset,
702 618 859 681 nusquam
882 597 943 661 nisi
963 598 997 662 iu
1019 600 1103 664 urhe
1119 598 1303 669 habitantem

220 700 375 785 fingeret:
423 698 490 765 Ubi
527 698 629 783 igitur
662 709 737 762 anto
766 698 921 762 Lamachi
953 698 1086 767 domum
1113 700 1173 768 'res
1202 704 1305 790 agitur,

219 822 371 867 scaenam
385 799 525 865 Athenis
547 800 582 862 in
605 799 686 863 urbe
710 820 781 863 esse
798 809 953 863 statuunt.

324 902 435 983 Quum
457 911 565 965 autem
583 898 912 964 demonstraverimus
933 900 1063 965 fabulae
1085 903 1164 967 indo
1187 918 1306 969 sverm

225 1002 289 1067 204
311 1001 414 1085 longo
438 999 636 1086 maiorpars
658 999 692 1063 in
713 998 933 1084 agrisagatur
953 1022 1090 1065 necesse
1113 1024 1186 1069 esse
1200 1003 1305 1067 locum-

226 1122 290 1185 que
315 1124 379 1186 quo
401 1121 552 1164 scaenam
574 1099 668 1163 istam
692 1099 861 1186 pristinam
887 1111 1073 1187 repetamus
1095 1103 1154 1167 vix
1175 1100 1306 1177 inuenire

222 1199 394 1288 possimus,
432 1198 494 1263 hoc
526 1220 627 1263 unum
651 1210 767 1286 poetae
797 1199 1045 1265 concedendum
1068 1200 1307 1289 videtur„utin

225 1296 443 1365 describendo
466 1308 499 1362 et
526 1298 627 1385 ipsius
651 1298 805 1363 Lamachi
822 1299 988 1364 domicilio
1019 1311 1114 1386 grata
1138 1303 1307 1387 neglegen-

223 1402 268 1473 tia
290 1422 378 1480 usus,
398 1399 506 1465 minus
526 1408 680 1465 accurate
703 1399 794 1463 illum
819 1401 961 1465 vicinum
989 1401 1091 1465 fuisse
1112 1399 1308 1487 Dicaeopoli·

224 1500 274 1565 dis
302 1501 415 1584 fingat,
446 1518 541 1582 quam
566 1498 796 1587 Aristophanis
827 1499 994 1565 licentiam
1017 1501 1196 1585 negligere
1215 1501 1309 1565 liceat.

224 1599 334 1666 Simili
364 1598 451 1663 enim
489 1597 616 1663 ratione
648 1609 745 1686 poeta
772 1600 806 1666 in
837 1598 980 1664 Nubium
1009 1599 1122 1666 fabula
1153 1601 1309 1668 Socratem

224 1699 465 1771 Atheniensem
493 1710 525 1765 et
559 1699 785 1787 Strepsiadem
817 1698 1075 1783 Cicynnonsom·
1093 1701 1223 1783 vicinas
1250 1721 1310 1767 esse

224 1798 318 1863 fiuxit
331 1820 509 1883 eorumque
523 1798 638 1865 domos
652 1800 766 1864 eadem
783 1799 818 1863 in
830 1823 945 1865 scaena
970 1800 1152 1866 coniunxit.
1175 1840 1214 1851 —-
1224 1801 1311 1869 Nunc

227 1920 327 1983 quum
351 1897 392 1962 de
415 1919 553 1963 scaenae
577 1898 610 1965 in
624 1898 890 1965 Acharuensium
906 1900 1018 1964 fabula
1042 1900 1224 1967 mutatione
1244 1900 1311 1967 satis

222 1998 447 2085 disquisivisse
481 1998 660 2080 videamur,
693 1999 735 2065 ad
766 2001 952 2065 uberiorem
986 2010 1019 2063 et
1053 2000 1226 2066 laetiorem
1252 2023 1310 2066 rem

225 2110 439 2183 transeamus,
472 2099 584 2186 paullo
616 2099 820 2182 accuratius,
852 2122 934 2183 quae
964 2121 1017 2164 res
1049 2123 1189 2167 scaenae
1209 2111 1311 2167 ornatu

224 2200 374 2287 depictae
396 2199 519 2265 fuerint
540 2219 670 2283 quoqne
696 2199 822 2264 ratione
846 2199 1036 2284 quaesituri·
1143 2236 1146 2243 -

324 2297 467 2365 Primam
490 2298 580 2364 illam
595 2320 698 2382 usque
716 2298 756 2362 ad
779 2319 909 2363 versum
925 2300 995 2365 203
1016 2299 1172 2367 dramatis
1197 2310 1311 2390 partem

226 2421 326 2487 quum
346 2397 420 2473 iam¹
434 2421 476 2465 ex
497 2409 690 2482 argumento
706 2399 896 2465 comoediae
917 2401 951 2465 iu
967 2402 1039 2467 foro
1055 2402 1111 2466 vel
1132 2402 1198 2468 alio
1214 2403 1311 2471 Atha

224 2519 340 2581 narum
363 2499 496 2585 publico
524 2499 596 2567 loco
615 2500 675 2584 agi
709 2499 807 2565 facile
827 2498 1109 2583 intellegamus,
1100 2501 1182 2588 ipsis
1207 2510 1313 2588 poetae

225 2596 490 2762 verbis9scaenae
524 2608 638 2664 ornatu
659 2599 809 2683 Pnycem
831 2599 993 2686 depictam
1023 2600 1126 2666 fuisse
1143 2602 1315 2669 edocemur

226 2699 325 2783 (ΠΙ
364 2698 434 2776 20);

226 2877 398 2929 ΔΙΚΑΙΟΠ.
429 2849 481 2934 ὣς
501 2859 556 2920 νῦν
578 2850 673 2922 ὁπότ’
697 2844 799 2941 οὔσης
823 2848 935 2942 κυρίας
957 2846 1125 2944 daalpciug

438 2950 627 3042 ἑωθινῆς
605 2979 726 3041 ερημος
750 2951 768 3041 ἦ
792 2951 902 3039 aad}
918 2953 1108 3044 atsaiw.
1155 2958 1158 2965 '

227 3087 297 3153 Vix
319 3094 427 3150 autem
453 3081 580 3147 maiore
613 3105 685 3146 cunr
718 3082 788 3146 iure
811 3081 924 3147 dicere
957 3104 1140 3170 possumne,
1162 3054 1320 3171 quomodo

228 3191 298 3274 ipsa
323 3187 422 3271 Pnyx
453 3181 589 3269 picturis
612 3191 856 3267 repraesentata
877 3183 987 3263 fuerit,
1023 3203 1101 3247 num
1123 3184 1271 3269 porticus
1294 3192 1323 3249 et

231 3287 362 3377 publiea
381 3283 541 3362 aedificia,
565 3293 654 3348 stoae
669 3283 723 3348 vel
738 3282 875 3349 deorum
892 3231 1057 3369 templa'
1029 3283 1217 3371 civiumque
1231 3285 1323 3351 aedes

223 3387 359 3476 ¹depicta
373 3383 506 3464 fuerint,
532 3405 632 3468 quum
645 3384 793 3468 Pnycem
807 3382 911 3470 ipsam
926 3406 992 3447 non
1006 3382 1207 3474 noverimus,
1232 3385 1324 3451 immo

228 3490 284 3556 ubi
312 3488 372 3553 sita
400 3485 510 3566 fuerit,
542 3486 742 3569 ignoremus.
787 3485 860 3563 Hoc
890 3507 990 3548 unum
1015 3506 1075 3570 pro
1099 3494 1193 3551 certo
1216 3485 1326 3553 haberi

230 3611 326 3678 posse
351 3585 430 3650 mihi
454 3583 595 3666 ¹ridetur,
618 3592 816 3670 prytaneum
837 3583 993 3671 conspici,
1016 3605 1079 3671 quo
1102 3606 1155 3649 rv.
1183 3587 1246 3651 124
1272 3586 1327 3654 125

151 3684 155 3717 ³
230 3710 351 3780 praeco
384 3684 641 3752 Pseudartabam
675 3683 789 3747 invitat
822 3692 855 3748 et
882 3684 1018 3771 positam
1048 3683 1149 3749 fuisso
1176 3685 1330 3774 prytanei

157 3838 162 3867 ξ
231 3790 318 3855 illius
341 3788 470 3851 ianuam
502 3794 577 3849 ante
601 3805 673 3849 eam
694 3780 831 3848 scaenae
854 3795 992 3871 portam,
1023 3806 1106 3871 quae
1127 3786 1233 3872 vulgo
1254 3783 1330 3853 ‘vsl-

163 3912 168 3949 ·:
233 3910 293 3954 vae
317 3876 441 3972 regiae’
462 3884 657 3972 appellatur.
709 3885 891 3966 Quominns
917 3907 1042 3968 scaena,
1064 3895 1100 3972 ut
1121 3885 1224 3952 etiam
1245 3889 1331 3954 simi·

168 4048 172 4065 ,
225 3990 294 4055 ¹lior
322 3995 408 4053 esset
429 3983 563 4070 Pnycis,
595 3984 758 4050 subselliis
783 3972 1032 4070 'cancellisque,
1063 4005 1146 4069 quae
1167 4007 1272 4054 versu
1292 3988 1332 4056 25

333 4206 368 4261 40
384 4202 420 4261 cf·
440 4218 510 4275 quae
529 4219 613 4274 supra
634 4205 673 4274 (p.
689 4204 716 4274 2)
735 4201 840 4258 dehoc
859 4218 942 4265 uersu
959 4199 1088 4258 disserui.
