2724 4958
655 274 697 346 48

129 464 251 524 Ξανθίας
530 464 597 516 1291
670 462 695 515 D

528 553 594 604 1325
668 552 692 602 A
833 554 955 614 Ξανθίας

128 643 285 693 Φιλοκλέων
527 639 595 691 1326
667 637 692 691 D

129 722 250 796 αὐλητρίς
527 727 595 778 1342
669 743 703 778 ex
721 727 867 781 orchestra
885 729 915 781 in
933 727 1077 798 pulpitum
1098 731 1237 786 ascendit.

128 814 306 866 Βδελυκλέων
531 814 598 865 1360
670 812 693 865 D

529 901 596 951 1382

128 985 279 1060 ἀρτοπώλις
530 986 600 1040 1387

528 1076 596 1127 1414

128 1159 276 1235 κατήγορος
292 1156 390 1232 κλητήρ
529 1164 597 1215 1415

275 1286 280 1293 1
528 1252 595 1302 1441

528 1339 596 1391 1449

128 1429 251 1487 Ξανθίας
528 1427 597 1478 1474

127 1516 284 1568 Φιλοκλέων
530 1514 597 1565 1482

127 1600 142 1655 ὁ
162 1607 283 1674 μέσατος
304 1605 441 1671 Καρκίνου
527 1603 596 1653 1500

127 1686 185 1748 υἱός

126 1775 216 1846 ἕτερος
235 1780 397 1844 Καρκινίτης
525 1777 593 1827 1505
673 1775 696 1828 F

127 1869 214 1934 τρίτος
232 1868 396 1933 Καρκινίτης
525 1865 593 1915 1508
671 1862 694 1915 F

130 1953 289 2005 Φιλοκλέων
526 1951 594 2002 1516
665 1950 694 2003 in
713 1951 884 2004 orchestram
901 1950 1049 2005 descendit
1067 1950 1100 2004 θ’.

827 897 950 973 αὐλητρίς

830 1071 981 1146 ἀρτοπώλις

831 1246 980 1323 κατήγορος
997 1246 1098 1324 κλητήρ

828 1341 987 1394 Φιλοκλέων
1005 1341 1194 1397 Βδελυκλέων

667 898 698 1652 Ἢ>>>Ὀξῧῧῦεέ

129 2042 265 2108 Καρκίνος
525 2041 592 2091 1531
671 2038 694 2091 F

124 2120 211 2195 χορὸς
228 2126 386 2178 Φιλοκλέων
528 2127 595 2178 1537
669 2125 692 2178 F

127 2217 263 2282 Καρκίνος
281 2219 441 2280 Καρκινῑται

629 2437 711 2519 Pax

228 2669 322 2735 Pacis
344 2689 496 2733 scaenam
509 2669 695 2734 tractaturis
722 2669 763 2734 de
785 2668 908 2757 duplici
923 2670 1053 2735 fabulae
1076 2668 1227 2735 editione

129 2769 276 2855 quaestio
300 2771 397 2834 missa
427 2769 520 2835 nobis
547 2779 595 2835 est
615 2762 776 2853 facienda,
797 2768 831 2834 id
853 2779 977 2835 tantum
1001 2771 1230 2858 spectandum,

130 2891 267 2955 quonam
293 2891 429 2934 scaenae
451 2878 566 2933 ornatu
594 2891 675 2954 quae
699 2881 829 2934 servata
851 2880 900 2934 cst
923 2870 994 2935 Pax
1016 2870 1051 2933 in
1074 2892 1231 2936 scaenam

128 2969 288 3055 producta
318 2969 369 3033 sit.
427 2968 471 3032 Et
496 2968 618 3055 duplici
653 2992 769 3034 scaena
798 2959 907 3035 terrae
939 2979 972 3034 et
1002 2971 1096 3052 coeli,
1128 2992 1230 3054 quum

127 3068 306 3133 clarissime
341 3079 571 3151 argumentum
612 3071 739 3136 fabulae
773 3070 811 3134 ΙΙ
840 3071 882 3135 30
920 3093 1018 3157 supra
1058 3070 1229 3134 laudatum

128 3190 279 3236 scaenam
302 3168 337 3234 ὲκ
350 3167 470 3253 μέρους
482 3168 542 3252 μὲν
562 3168 618 3234 ἐπὶ
639 3173 708 3255 γῆς,
732 3170 767 3235 ἐκ
780 3169 900 3254 μέρους
917 3170 953 3236 δὲ
974 3169 1032 3235 ἐπὶ
1049 3173 1110 3235 τοῦ
1133 3163 1233 3256 οὖρα-

129 3273 191 3335 νοῦ
206 3291 277 3334 esse
300 3279 441 3353 moneat,
465 3271 543 3354 quin
568 3293 649 3358 opus
673 3293 743 3335 esse
761 3295 926 3336 sumamus
939 3271 1046 3335 facere
1062 3293 1129 3335 non
1153 3294 1228 3358 poe·

127 3393 247 3436 sumus.
302 3371 481 3453 Quaeritur
513 3372 617 3435 solum
650 3394 790 3458 quonam
826 3373 953 3437 fabulae
984 3374 1057 3436 loco
1085 3393 1229 3437 scaenae

128 3468 338 3535 mutationem
372 3479 567 3554 statuamus,
601 3494 728 3556 quaque
760 3473 879 3536 theatri
913 3481 1018 3559 parte
1042 3472 1229 3551 (orchestra

127 3571 255 3658 pulpito
284 3571 476 3656 theologeo)
511 3582 566 3635 aut
603 3581 691 3636 terra
727 3583 782 3637 aut
815 3574 943 3638 coelum
980 3583 1230 3659 repraesentata

126 3673 258 3737 fuerint.

228 3770 311 3836 Rem
337 3770 415 3835 inde
444 3772 483 3836 ab
506 3772 598 3838 initio
626 3772 757 3838 fabulae
789 3796 892 3861 usque
922 3774 964 3839 ad
992 3798 1122 3840 versum
1157 3778 1232 3862 149,

127 3881 239 3958 postea
260 3872 379 3936 iterum
407 3871 484 3937 inde
505 3898 524 3938 a
545 3894 644 3939 versu
666 3874 727 3939 819
759 3897 863 3960 usque
886 3875 927 3939 ad
951 3877 1049 3941 finem
1067 3877 1229 3944 dramatis

126 3972 271 4037 interra
305 3980 380 4036 ante
402 3972 549 4059 Trygaei
571 3975 683 4040 villam
717 3977 781 4059 agi,
807 3986 1029 4063 versuumque
1056 3977 1228 4044 179-728

228 4176 262 4228 62
281 4174 316 4230 cf.
336 4192 398 4245 pag.
420 4179 454 4231 56
465 4194 505 4246 sq.
