2724 4958
643 265 681 333 18

157 454 177 517 3
200 453 316 519 scholl.
335 451 418 518 Ran.
432 450 493 515 297

196 552 359 622 indicatur
381 550 431 616 his
453 549 585 617 scholiis
609 547 690 634 quid
712 555 841 614 veteres
867 548 1032 614 senserint
1063 549 1106 614 dc
1146 550 1221 615 loco
1251 589 1259 601 -

199 676 262 742 quo
285 654 339 740 qui
360 652 547 738 Dionysum
572 651 641 738 egit
662 673 700 714 sc
702 659 754 715 tor
779 671 912 715 versum
933 648 996 715 297.

157 776 307 829 Aroma
328 750 415 839 ἱερευ
400 745 689 840 διαφυλαξου
656 774 680 833 μ
712 735 797 814 ἵύ
769 774 795 814 ω
821 770 877 814 σοι
898 745 1068 836 ξυμπότης

199 853 469 945 pronuntiaverit.

158 958 259 1024 schol.
281 957 360 1023 Ran.
376 955 436 1019 297
450 961 489 1018 33
518 947 631 1036 ἱερέως
658 944 748 1028 τιυός
768 942 1034 1029 ἀκολουθοῦντος
1054 943 1148 1037 αὐτο
1168 951 1222 1036 μὲ-

198 1081 324 1142 μυηται.

161 1160 204 1226 ci
228 1141 839 1237 ν.431)οοοοοτῑ(...άλλως.ήοη
868 1145 931 1236 yolo
953 1137 992 1237 ἦν
1011 1155 1080 1216 scir
1101 1176 1226 1238 μεμυη-

161 1259 306 1423 ΕΓμένων
327 1250 408 1321 κατὰ
427 1248 488 1338 τήν
510 1247 628 1337 σκηνὴν
647 1246 843 1336 γενόμενος.)

182 1361 254 1424 iv.
267 1358 309 1422 45
342 1350 374 1420 oi
402 1352 438 1419 δέ
469 1373 570 1440 φασιν
597 1341 727 1416 divorsos
749 1343 830 1416 εἶναι
854 1349 996 1433 νομίζειν
1017 1342 1227 1418 οἷκολουθεῖν

203 1450 316 1534 αυτοῖς
339 1450 436 1539 ἱερέα.
461 1473 545 1537 quae
566 1451 669 1515 verba
689 1475 708 1515 a
731 1450 896 1517 codicibus
919 1460 952 1515 et
974 1450 1228 1518 Ravennatct
1195 1461 1228 1516 et

203 1560 332 1624 Veneto
357 1555 485 1620 absunt.
785 1570 787 1574 ¹

160 1661 260 1726 schol.
285 1656 436 1722 Ranae?
461 1661 500 1718 34
525 1651 573 1736 (ἓν
596 1650 758 1740 προεδρίᾳ
778 1646 924 1738 κάθηται
945 1647 963 1719 ἶ
986 1655 1046 1718 τοῦ
1056 1650 1225 1720 Διονύσου

206 1759 314 1845 (codd.
334 1753 426 1835 Διὸς)
453 1748 570 1839 ἱερεύς.
603 1745 770 1839 α’ποροῦσι
797 1753 833 1819 δέ
863 1778 948 1832 τινες
978 1757 1053 1833 πῶς
1073 1749 1145 1822 circd
1169 1764 1231 1823 τοῦ

203 1859 331 1946 λογείου
352 1850 543 1943 περιελθών
563 1853 627 1936 καὶ,
650 1854 813 1943 κρυφθεὶς
845 1844 991 1921 ὄπισθεν
1021 1859 1081 1920 τοῦ
1111 1849 1231 1939 ἱερέως

205 1963 304 2027 τοῦτο
327 1957 435 2043 λέγει.)

165 2062 265 2128 schol.
297 2057 451 2126 Ran29l
469 2064 506 2123 37
543 2053 727 2143 (φαίνονται
761 2053 797 2119 δὲ
818 2047 877 2120 οὐκ
899 2047 982 2121 εἶναι
1004 2054 1062 2120 ἐπὶ
1094 2059 1158 2122 τοῦ
1178 2058 1232 2123 λο-

205 2160 294 2248 γείου
316 2150 384 2223 ἀλλ’
408 2156 465 2223 ἐπὶ
483 2158 543 2242 τῆς
564 2146 743 2239 ὀρχήστρας
766 2206 773 2220 .
799 2205 806 2220 .
830 2156 852 2236 .)
951 2169 955 2175 ·

164 2264 184 2326 4
210 2285 280 2345 arg.
303 2258 468 2345 Ranlso

209 2355 248 2427 od
270 2354 448 2446 δεδήλωται
469 2351 555 2422 ὅπου
577 2355 665 2437 doris
686 2350 705 2442 ἡ
727 2351 825 2442 σκηνή
849 2352 913 2422 ari.

326 2533 422 2600 112

225 2665 433 2747 Argumenta
455 2657 580 2724 Avium
605 2656 662 2723 Ill
686 2679 786 2742 quum
809 2657 886 2722 satis
910 2665 1059 2723 accurate
1090 2654 1233 2731 actionis

126 2767 221 2830 loeus
241 2761 454 2842 describatur,
480 2767 707 2844 argumentum
722 2759 741 2824 Ι
755 2757 961 2822 Athenarum
983 2765 1110 2821 tantum
1134 2759 1230 2825 urbis

127 2884 247 2930 nomen
268 2860 418 2940 afferens,
447 2858 681 2946 hypothesium
705 2881 784 2945 quas
806 2856 986 2940 tragoediis
1009 2844 1153 2923 adiectas
1178 2859 1230 2924 le-

129 2965 237 3049 gimus
260 2961 404 3024 imitatur
427 2980 586 3038 normam,
611 2957 775 3042 similique
796 2958 923 3038 ratione
950 2947 1143 3022 scholiastae
1168 2959 1233 3025 Ra·

129 3084 245 3127 narum
266 3057 491 3140 argumentol
509 3056 656 3120 dubitare
683 3079 717 3121 se
743 3058 940 3122 confitentur
955 3057 1041 3145 apud
1055 3078 1232 3141 quamnam

130 3164 246 3226 urbem
267 3160 433 3225 Ranarum
458 3156 600 3221 fabulam
620 3166 723 3221 actam
744 3157 879 3222 finxerit
904 3168 1010 3245 poeta,
1023 3156 1114 3221 nullo
1132 3159 1234 3224 modo

131 3300 171 3310 -
194 3261 229 3325 in
250 3258 450 3343 argumentis
477 3257 609 3342 quidem
627 3256 725 3322 -de
748 3259 885 3342 regione
908 3259 941 3322 in
965 3250 1080 3322 scaena
1102 3256 1237 3342 depicta

130 3358 375 3446 inquisitionem
396 3357 612 3423 instituent.es
656 3358 749 3440 Quae
781 3369 887 3423 autem
917 3359 951 3422 in
983 3356 1160 3432 scholiis
1149 3360 1234 3444 spsis

133 3465 173 3529 dc
197 3459 318 3548 duplici
339 3457 504 3522 Ranarum
538 3481 656 3525 scaena
675 3457 895 3544 cogitaverint
918 3453 1143 3582 supra1114
1178 3459 1238 3525 III

175 3563 246 3629 etr
268 3559 489 3653 inveniuntur

332 3716 426 3782 1113

233 3843 307 3909 Hoc
321 3840 444 3906 scholio
458 3862 557 3925 quum
569 3834 724 3930 appareat
745 3835 890 3925 τόπου,
913 3863 977 3906 non
999 3828 1131 3927 σκητῆ
1140 3865 1157 3919 ς
1179 3867 1239 3927 με·

135 3937 277 4028 rodoldo
298 3943 417 4006 factam
447 3962 528 4018 esse,
550 3949 649 4005 totam
671 3963 822 4008 scaenam
843 3940 962 4004 mutari
983 3962 1050 4006 non
1064 3963 1147 4026 opus
1164 3965 1241 4010 esse

139 4046 236 4111 facile
261 4052 310 4107 est
332 4041 512 4124 intellectu,
534 4063 573 4104 no
587 4063 683 4126 posse
700 4040 832 4126 quidem
848 4041 933 4105 infra
947 4041 1009 4105 erit
1020 4041 1241 4129 probandum.

138 4143 193 4210 Ad
216 4144 281 4208 talo
303 4139 456 4228 quiddam
478 4140 620 4206 Pollucis
643 4143 733 4206 illum
759 4141 867 4204 locum
891 4141 968 4206 satis
993 4142 1160 4228 cognitum
1185 4169 1242 4210 va·
