2724 4958
649 277 688 340 76

233 462 301 525 Iam
324 461 365 525 ad
387 458 641 526 describendum
663 459 815 541 alterum,
836 479 932 542 quem
948 459 1112 524 Ranarum
1128 459 1163 524 in
1187 460 1231 522 fa-

138 561 216 625 bula
237 559 382 625 adhibuit
403 557 654 643 Aristophanes,
676 578 813 622 scaenae
836 567 984 622 ornatum
1008 558 1230 645 pervenimus.

139 662 180 726 In
206 681 269 743 qua
290 656 439 724 Plutonis
459 657 551 740 regia
573 656 704 743 depicta
724 657 826 740 fuisse
847 656 994 741 videtur;
1034 679 1099 742 quo
1134 659 1229 722 modo

139 767 245 822 autem
266 758 347 822 haec
370 766 484 821 ornata
505 756 612 837 fucrit,
637 755 701 818 dici
723 756 845 838 nequit.
885 755 969 820 Nam
993 779 1091 842 quam
1111 759 1227 823 Hiero·

135 880 254 941 nymus
278 856 419 921 Mueller
441 855 578 941 protulit
600 855 852 941 descriptionem
865 861 915 940 ¹¹²,
941 857 1157 922 insulsissima
1183 869 1228 922 est

134 956 372 1041 universaeque
394 965 539 1020 veterum
560 955 609 1019 rei
632 956 801 1020 scaenicae
814 979 1014 1044 repugnans.
1038 958 1227 1045 Geppertns

134 1054 209 1137 quia
227 1055 420 1120 horribilem
440 1056 568 1120 Tartari
590 1055 759 1138 regionem
782 1056 953 1142 Dionysus
976 1066 1063 1121 metu
1091 1080 1223 1123 comnio-

135 1164 186 1218 tus
217 1154 373 1219 describit
407 1155 516 1238 (versu
549 1156 609 1220 273
638 1157 680 1219 cf.
713 1177 842 1242 quoque
869 1157 1024 1221 Herculis
1061 1160 1163 1222 verba
1196 1182 1224 1222 v.

135 1255 196 1319 146
220 1255 305 1338 sqq.)
329 1254 463 1340 picturis
486 1257 577 1317 »eice
601 1253 792 1340 ackuuerc'qe
816 1254 1061 1344 Felcenqepeud
1078 1260 1138 1321 mit
1161 1258 1227 1321 drei

135 1352 291 1417 Ηᾶαοονα
314 1354 393 1417 oder
416 1354 491 1417 (λαοί
511 1353 641 1417 Τλίλνεα
670 1357 714 1416 im
737 1353 1002 1441 Hiaterprucde«
1036 1378 1224 1443 repraesen-

132 1462 232 1518 tatam
254 1453 354 1518 fuisse
377 1452 465 1516 dicit.
506 1453 575 1520 Gur
595 1462 703 1518 autem
724 1455 752 1518 si
771 1456 903 1520 anxium
924 1456 1074 1522 videmus
1098 1457 1222 1543 Diony-

133 1576 204 1618 sum
228 1575 373 1618 caussam
394 1553 492 1616 etiam
513 1553 684 1617 anxietatis
714 1562 899 1641 spectemus
928 1576 1064 1620 necesse
1096 1556 1149 1638 sit,
1180 1557 1221 1620 in·

133 1653 295 1736 tellcgere
318 1675 384 1717 non
404 1674 553 1739 possum3
572 1674 679 1735 neque
701 1663 823 1740 postea,
844 1668 946 1740 'quum
956 1655 1127 1741 Dionysos
1153 1655 1222 1720 Em·

133 1773 246 1837 pusam
270 1752 401 1833 fugeret
419 1751 523 1836 ipsum
537 1751 600 1815 hoc
613 1764 793 1817 monstrum
815 1754 1085 1839 conspiciebatur.
1110 1747 1221 1820 Tribus

135 1859 244 1914 autem
266 1872 403 1914 scaenae
425 1850 538 1937 portis,
571 1873 669 1935 quum
703 1875 769 1918 non
799 1876 880 1939 opus
904 1863 999 1933 esset,
1036 1863 1069 1917 et
1100 1876 1221 1919 exunt

90 2013 93 2021 ,
137 1959 263 2015 tantum
296 1973 399 2036 eaque
422 1951 527 2015 media
550 1951 610 2034 (A)
635 1954 763 2017 Aeacus
786 1976 898 2021 servae
924 1955 1118 2039 Aeschylus
1137 1954 1220 2019 Euri-

136 2049 230 2135 pides
252 2050 348 2115 Pluto
357 2050 525 2132 Dionysus
548 2050 727 2136 prodirent,
748 2052 810 2115 hac
832 2072 897 2116 una
919 2061 1043 2116 tantum
1066 2062 1162 2140 porta
1181 2052 1219 2115 in·

134 2156 256 2211 structa
279 2157 348 2211 erat
371 2147 520 2212 Plutonis
544 2149 646 2234 regia.

267 2336 375 2390 intrant
482 2354 565 2392 versu
599 2338 744 2407 pontauel
762 2339 841 2397 aditu
976 2344 1081 2394 exeunt

134 2451 269 2516 Διόνυσος
285 2457 408 2517 Ξανθίας
528 2461 541 2511 l
666 2459 691 2511 D
804 2465 818 2498 2¹

127 2541 260 2613 Ἡρακλῆς
528 2547 563 2600 38
669 2546 692 2599 Β

528 2634 579 2685 164
662 2632 685 2685 Β
819 2630 951 2702 Ἡρακλῆς

129 2713 224 2786 νεκρὸς
251 2720 278 2769 ολ
295 2717 457 2790 ἐκφέροντες
528 2722 579 2774 170
668 2718 693 2771 D

531 2808 580 2859 179
669 2804 694 2858 E
801 2854 803 2861 ,
829 2802 923 2877 νεκρὸς
942 2809 968 2858 οἱ
986 2807 1154 2878 ἐκφέροντες

329 2986 447 3029 scaena
471 2965 599 3030 ducitur
619 2986 722 3050 usque
742 2939 786 3031 ad
810 2988 940 3032 versum
952 2967 1026 3031 270.

131 3116 234 3190 Χάρων
253 3121 284 3174 ἐν
302 3124 387 3190 πλοίῳ
531 3124 580 3175 181

531 3212 581 3264 196

526 3300 580 3351 270

132 3379 253 3438 Ξανθίας
527 3386 579 3438 271

129 3658 190 3694 mus
210 3641 293 3711 longe
312 3642 416 3697 distare
434 3645 469 3698 ab
486 3662 527 3709 aa,
555 3664 610 3714 qua
635 3647 703 3702 alias
729 3651 850 3701 utuntur·
875 3649 996 3702 scaenici
1015 3653 1120 3718 poetae
1142 3648 1212 3705 facile

131 3732 173 3781 est
190 3729 344 3784 intellectu.

222 3820 271 3868 112
290 3817 404 3872 Hieron.
414 3819 530 3873 Mueller
541 3820 628 3874 Arist.
640 3837 711 3874 vers.
726 3821 739 3872 Ι
751 3839 778 3890 p.
790 3823 841 3875 325
853 3823 927 3877 »Der
942 3823 995 3877 den
1006 3823 1216 3896 Ηααρλοίαρονς

128 3918 189 3957 aum
204 3903 301 3957 Pulast
312 3904 467 3960 dcsPtutoa
478 3907 655 3962 cerdeckende
665 3906 793 3978 Vorbcny
811 3910 849 3964 iat
868 3910 1090 3980 bicameratae„
1106 3913 1164 3968 mid
1178 3913 1216 3968 dor

128 3989 214 4043 druch
232 3991 291 4044 ciac
305 3992 358 4057 aus
374 3993 526 4048 οολαανκαα
543 3993 645 4049 Situtcu
661 3995 780 4050 ναλααλο
794 3995 919 4052 Vos-naue
933 3997 1062 4056 sicbtbar
1078 4000 1214 4070 pecudea

128 4075 223 4130 Breite
238 4075 336 4143 θαλίας
351 4077 450 4144 fabren
468 4096 521 4134 voa
538 4082 586 4135 der
603 4083 700 4138 Βίλλιον
717 4101 752 4139 αα
769 4085 821 4138 alu.
846 4085 951 4139 Pluton
968 4086 1038 4153 (auf
1052 4089 1140 4144 ciuem
1154 4086 1215 4144 raiol

127 4162 273 4218 oeraicrteu
292 4164 417 4235 Thrace).
435 4209 441 4221 .
460 4208 466 4220 .
484 4188 505 4220 .‹
