2724 4958
656 290 697 354 68

136 478 213 542 dum
237 485 315 557 erat,
337 472 507 537 statuimus
533 471 667 539 chorum
685 469 850 534 interdum
871 472 973 536 scalas
1005 473 1084 538 inde
1118 497 1163 541 ex
1186 500 1232 542 or·

133 577 261 642 chestra
286 574 321 638 in
351 594 501 638 scaenam
516 573 674 636 ducentes
693 570 879 655 ingressum
892 592 963 636 esse
986 576 1233 659 eoquehistrio·

133 676 228 740 nibus
250 695 322 739 sese
342 672 630 760 appropinquasse.
679 670 776 752 Quod
802 669 1040 758 Geppertus¹⁰⁰
1063 674 1105 740 de
1129 676 1229 741 Thes-

130 772 389 861 mophoriazusis
415 770 524 837 statuit
545 777 674 856 poetam
700 768 827 855 pulpito
848 778 881 833 et
897 772 1066 837 orchestra
1080 774 1126 838 ita
1137 799 1228 840 usum

133 874 235 938 fuisse
261 882 297 937 ut
318 894 430 938 omnes
452 864 780 957 θεσμοφοριάζουσαι
801 870 957 937 mulieres
989 873 1022 936 in
1059 877 1228 942 orchestra

135 984 345 1039 versarentur
371 993 494 1056 eaeque
517 971 606 1035 solae
627 991 709 1054 quae
732 970 895 1035 orationes
917 972 1088 1038 habiturae
1110 987 1228 1060 essent,

128 1075 162 1138 in
185 1073 345 1162 pulpitum
384 1070 612 1153 escenderent,
641 1070 713 1134 fieri
742 1091 809 1133 non
836 1091 933 1155 posse
966 1071 1084 1156 cuique
1117 1097 1225 1141 rerum

128 1173 352 1241 scaenicarum
376 1171 480 1258 perito
503 1169 605 1254 digito
629 1179 848 1233 monstremus
873 1192 954 1255 opus
974 1193 1040 1237 non
1061 1176 1134 1240 erit.

228 1273 270 1337 In
290 1271 478 1334 universum
509 1271 644 1333 alteram
665 1267 743 1333 inde
778 1292 797 1332 a
824 1290 921 1334 versu
944 1269 1004 1335 277
1037 1275 1225 1340 comoediae

131 1382 257 1459 partem
280 1380 313 1434 et
334 1392 398 1454 quo
421 1369 538 1433 theatri
561 1370 632 1433 loco
656 1378 812 1451 ageretur
833 1369 1046 1457 inspeximus,
1082 1377 1225 1441 nuncin

129 1468 295 1556 duplicem
317 1469 494 1554 utriusque
519 1467 929 1553 Thesmophoriazusarum
951 1472 1054 1557 partis
1075 1497 1224 1539 scaenam

125 1570 339 1656 inquiremus.
388 1568 565 1653 Duplicem
591 1568 677 1631 enim
701 1590 835 1632 scaenae
856 1578 1007 1634 ornatum
1028 1573 1221 1663 Aristopha-

127 1675 242 1737 nemin
255 1669 467 1759 producenda
477 1669 889 1755 Thesmophoriaausarum
904 1672 1014 1737 fabula
1025 1674 1219 1756 adhibuisse,

130 1772 189 1856 qui
210 1771 312 1835 semel
335 1769 537 1834 comoediam
561 1768 751 1855 perlegerit,
775 1791 838 1833 non
861 1770 1003 1853 negabit.
1039 1773 1154 1837 Prima
1178 1776 1219 1838 fa·

127 1874 222 1937 bulae
244 1881 335 1957 parte
359 1868 535 1955 Euripides
558 1878 590 1932 et
616 1869 837 1934 Mnesilochus
859 1891 953 1934 socer
974 1871 1042 1936 eius
1067 1871 1110 1934 ad
1133 1875 1219 1957 Aga·

129 1971 236 2035 thonis
257 1971 354 2034 aedes
377 1978 541 2032 venerunt
564 1990 662 2052 quern
687 1990 827 2033 evocare
851 1991 982 2034 servum
1005 1971 1038 2034 in
1060 1974 1221 2058 publicum

128 2072 346 2157 prodeuntem
365 2070 479 2133 iubent
501 2071 545 2150 (v.
558 2069 627 2151 65).
646 2069 784 2152 Agatho
808 2079 886 2134 tunc
910 2073 1131 2156 eccyclemate
1154 2097 1219 2161 pro-

124 2180 231 2237 motus
254 2191 294 2233 ex
317 2168 452 2232 aedibus
476 2167 687 2252 progreditur
717 2167 976 2253 Euripidemque
1007 2191 1080 2234 sese
1102 2171 1222 2236 iuvatu-

125 2293 197 2334 rum
220 2290 292 2334 esse
322 2267 490 2352 promittit.
545 2267 726 2350 Postquam
749 2267 975 2333 Mnesilochus
1009 2271 1220 2338 muliebribus

123 2370 212 2434 illius
238 2367 440 2432 vestimentis
463 2366 593 2430 indutus
623 2375 682 2448 est,
714 2367 785 2453 ipse
807 2366 939 2452 Agatho
965 2369 1097 2455 (aree)
1117 2375 1220 2437 revol-

124 2469 220 2549 vitur,
234 2466 454 2531 Mnesilochus
466 2463 709 2550 Euripidesque
726 2475 835 2564 autem
849 2488 946 2532 versu
958 2469 1020 2532 277
1037 2470 1105 2533 iam
1120 2495 1221 2560 prope

124 2561 355 2653 θεσμοφόρων
378 2565 582 2629 advenerunt
613 2565 796 2648 comitante,
828 2587 909 2652 quae
939 2567 1044 2632 adhuc
1076 2571 1221 2637 nondum

122 2668 243 2749 aderat,
265 2666 402 2730 Tlrratta
431 2687 535 2730 serva.
588 2667 671 2730 Inde
707 2675 815 2730 autem
847 2689 865 2728 a
893 2688 989 2731 versu
1019 2668 1083 2732 265
1118 2694 1221 2757 usque

121 2768 284 2832 adfinem
308 2766 463 2830 dramatis
487 2787 556 2829 rem
579 2767 613 2829 in
638 2765 881 2850 thesmophorio
895 2767 1035 2832 velante
1055 2768 1121 2834 hoc
1144 2780 1221 2836 tem·

121 2868 211 2953 plum
234 2876 338 2930 actam
364 2887 435 2930 csse
461 2886 574 2929 omnes
599 2863 820 2928 consentiunt.
866 2865 973 2948 Igitur
994 2866 1083 2932 inter
1109 2891 1221 2936 versus

119 2967 182 3032 276
204 2976 235 3031 et
255 2965 318 3029 295
347 2986 496 3029 scaenam
519 2972 672 3027 mutatam
704 2984 776 3028 esse
815 2972 991 3029 statuemus
1022 2989 1221 3054 versumque

119 3074 193 3153 post
217 3084 315 3149 quem
338 3064 400 3127 hoc
422 3063 494 3128 fieri
516 3062 618 3148 possit
639 3061 877 3146 indagabimus.

217 3161 463 3249 Parepigraphe
490 3161 616 3225 scholio
639 3182 752 3224 versus
775 3160 835 3224 277
860 3171 987 3226 servata
1015 3163 1126 3229 locum
1157 3191 1220 3233 ma·

120 3263 326 3346 chinamque,
349 3263 463 3345 quibus
486 3282 603 3325 scaena
625 3269 748 3324 mutata
772 3260 822 3343 sit,
843 3260 984 3327 indicat:

285 3384 483 3450 ἕκκυκλεῖται
503 3382 561 3450 ἐπὶ
583 3381 621 3450 τὸ
645 3382 709 3467 ἔξω
732 3381 770 3451 τὸ
793 3381 1033 3473 θεσμοφόρων.

121 3512 216 3575 aliam
227 3511 323 3574 huius
338 3510 597 3597 paropigraphae
617 3512 753 3574 formam
770 3511 868 3575 habet
884 3510 1086 3576 Fritzschius
1098 3517 1149 3598 ¹⁰¹,
1166 3517 1220 3601 qui

120 3631 160 3694 pe
184 3611 245 3674 hac
275 3631 310 3675 re
335 3610 470 3675 uberius
497 3609 575 3693 egit.
605 3610 775 3692 Quaenam
798 3612 1033 3700 scripturarum
1054 3615 1220 3681 variarum

223 3930 274 3981 100
292 3945 355 3996 pag.
368 3930 419 3981 163
438 3932 533 3983 notl:
565 3930 623 3983 »die
641 3946 725 3999 qnare
744 3929 825 3984 Scene
843 3946 897 3985 oon
914 3933 1004 3985 n295
1020 3949 1058 3985 an
1073 3935 1160 4002 spielt
1179 3937 1219 4005 of·

116 4014 215 4080 ferebar
240 4016 275 4067 in
296 4014 344 4067 der
363 4013 514 4081 Orchestra,
535 4016 626 4070 tndem
643 4016 688 4070 die
706 4017 841 4070 abaciaco
859 4016 967 4070 Redner
987 4034 1010 4070 o.
1027 4022 1084 4072 383
1095 4025 1151 4075 443
1165 4027 1220 4077 466

118 4103 168 4155 wic
186 4103 229 4156 bei
251 4101 562 4171 Vollcsccreammlunpen
582 4103 627 4156 dia
644 4103 742 4156 Billme
762 4104 918 4172 besteipens

221 4184 307 4242 1011.
327 4187 345 4242 l.
365 4206 428 4258 pag.
440 4190 491 4243 104
509 4183 670 4252 ὀλολύζουσι.
689 4188 720 4242 τὸ
741 4186 951 4257 teponniacum.
