2724 4958
230 472 286 536 111

131 672 214 740 Vesp.
235 674 283 723 107
320 671 493 728 ΞΛΝΘΙΑΣ
555 665 648 737 ὥσπερ
665 668 768 739 μέλιττ’
787 662 802 733 ἢ
820 663 969 738 βομβυλιὸς
986 670 1198 736 εἰσέρχεται

549 753 603 808 ὑπὸ
620 762 677 814 τοῖς
697 749 769 814 ὄνυξι.
783 752 867 824 κηρὸν
882 751 1142 823 ἀναπεπλασμένος.

125 847 208 914 Vesp.
226 847 278 898 606
313 849 471 900 ΦΙΛΟΚΛ.
552 839 618 896 ὅταν
649 843 736 896 οἴκαδ’
765 848 797 895 ἴω
815 839 864 895 τὸν
880 839 988 912 μισθὸν
1006 843 1087 913 ἔχων,
1106 833 1169 911 κᾷτ’
1189 847 1229 894 εί-

786 923 939 997 σὴκοντά
967 947 1003 1000 με
1021 925 1122 987 πάντες

551 1011 723 1080 ἀσπάζωνται
723 1056 950 1070 ......

128 1107 190 1160 Pae.
211 1111 244 1160 73
319 1110 442 1161 OIKET.
462 1113 490 1159 A
553 1100 713 1173 εἰσήγαγ’
731 1105 852 1155 αἰτναῐον
870 1108 1003 1173 μέγιστον
1022 1096 1174 1173 κάνθαρον.

129 1193 192 1248 Pae.
210 1196 263 1246 228
316 1197 456 1246 ΕΡΜΗΣ
531 1189 600 1249 ,οὐκ
618 1192 680 1244 οἰδα
700 1188 772 1257 πλὴν
790 1189 829 1257 ἓν,
848 1186 890 1243 ὅτι
907 1190 989 1245 θυίαν
1006 1191 1127 1261 ἑσπέρας

550 1278 677 1350 ὑπερφυᾶ
694 1275 725 1331 τὸ
745 1281 868 1350 μέγεθος
887 1281 1134 1345 εἰσηνέγκατο.

126 1367 188 1434 hys.
205 1369 258 1421 636
317 1372 498 1423 XOP.1'YN.
553 1363 602 1420 οὐκ
628 1360 670 1436 ἆρ’
697 1359 860 1421 εἰσιόντα
888 1371 912 1419 σΙ
943 1367 1031 1419 οἴκαδ’
1060 1364 1076 1431 ἡ
1108 1367 1230 1420 τεκοῦσα

980 1448 1123 1522 γνώσεται.

132 1540 195 1608 hys.
214 1542 267 1593 867
320 1547 452 1594 ΚΙΝΗΣ.
558 1539 616 1594 ἀλλ’
636 1536 762 1612 ἄχθομαι
781 1541 837 1613 μὲν
854 1544 884 1594 εἰ
892 1536 985 1594 σιών.

130 1627 238 1681 Thesm.
247 1631 298 1683 395
317 1636 426 1682 ΓΥΝΗ
440 1637 468 1683 Α
556 1671 563 1684 .
583 1671 588 1685 .
612 1626 697 1688 εὐθὺς
715 1625 895 1688 εἰσιόντες
912 1626 968 1682 ἀπὸ
988 1631 1042 1682 τῶν
1060 1632 1157 1698 ἰκρίων

556 1713 741 1784 ὑποβλέπουσ’
760 1714 840 1787 ἡμᾶς.

134 1802 201 1857 Ran.
220 1805 274 1857 980
321 1809 473 1858 ΔΙΟΝΥΣ.
555 1801 589 1871 νὴ
605 1801 668 1864 τοὺς
685 1801 766 1863 θεοὺς
785 1806 835 1859 νῦν
855 1806 923 1873 γοῦν
938 1801 1015 1871 Ἀθη·

552 1897 637 1946 ναίων
653 1887 727 1951 ἅπας
743 1912 782 1952 τις
801 1896 829 1944 εἰ
836 1890 922 1946 σιών

550 1983 667 2049 κέκραγε
685 1977 756 2049 πρὸς
772 1977 835 2040 τοὺς
855 1985 967 2038 οἰκέτας.

133 2066 205 2120 Plut.
225 2069 278 2121 406
329 2073 484 2122 ΒΛΕΨΙΛ.
563 2063 660 2121 οὔκουν
676 2065 771 2138 ἰατρὸν
789 2063 958 2138 εἰσάγειν
975 2069 1059 2139 ἐχρῆν
1075 2062 1153 2133 trusi,-

132 2156 205 2209 Plut.
225 2159 277 2210 762
323 2162 470 2210 ΚΑΡΙΩΝ
555 2153 644 2214 οὐδεὶς
659 2153 713 2226 γὰρ
732 2155 798 2227 ὑμῖν
815 2159 993 2210 εἰσιοῦσιν
1010 2153 1127 2225 ἀγγελεῖ,

130 2508 204 2564 Nub.
224 2511 276 2561 613
327 2513 454 2564 ΧΟΡΟΣ
565 2503 633 2561 ὥστε
644 2511 689 2560 καὶ
699 2504 919 2579 λέγεινᾶπαντας
940 2501 1093 2568 ἐξιόντας
1110 2509 1235 2580 ἑσπέρας

557 2592 942 2669 μὴπρίγτταῑδᾷδ’....

136 2682 199 2736 Pac.
219 2685 286 2736 1182
330 2688 457 2738 ΧΟΡΟΣ
565 2679 678 2737 ...οὗ
695 2679 749 2752 γὰρ
765 2677 842 2756 ᾔδειν
868 2680 972 2743 ἐξιών.

134 2770 198 2838 Lys.
219 2773 250 2824 16
324 2776 500 2825 KAAAON.
638 2765 1106 2841 χαλεπὴτοιγυναικῶνέξοδος.

133 2858 302 2913 Thesm.792
320 2862 447 2913 ΧΟΡΟΣ
561 2851 614 2912 κᾶν
634 2858 754 2931 ἐξέλθῃ
775 2855 805 2912 τὸ
824 2853 939 2928 γύναιόν
956 2879 1002 2912 ποι
1025 2898 1056 2915 ..
1078 2898 1085 2912 .
1109 2899 1116 2913 .

559 2951 661 3016 μανίας
677 2946 818 3017 μαίνεσθ’.
1046 2944 1048 2950 ’

134 3031 204 3083 Ren.
224 3031 275 3083 196
320 3030 444 3088 ΞΛΝΘΙ.
564 3038 637 3103 οἴμοι
659 3034 847 3105 κακοδαίμων,
866 3035 904 3102 τῷ
921 3036 1065 3104 ξυνέτυχον
1083 3029 1199 3102 ἒξιών;

138 3115 214 3170 Eccl.
236 3118 287 3170 325
325 3121 439 3171 ΒΛΕΠ
442 3124 493 3171 ΥΡ.
562 3115 593 3172 οὐ
613 3114 667 3190 γάρ
685 3121 754 3173 ποθ’
772 3118 846 3190 ὑγιὲς
864 3117 946 3174 οὐδὲν
964 3115 1182 3187 ἐξελήλυθεν

434 3262 439 3269 ³
562 3200 701 3276 δράσουσ’.

133 3290 209 3344 Eecl.
230 3293 282 3344 533
318 3293 479 3350 ΠΡΛΞΑΓ.
564 3335 571 3348 .
608 3333 615 3346 .
653 3333 660 3346 .
700 3335 706 3347 .
745 3294 833 3347 ἐδεῖτο
850 3294 882 3347 δὲ

557 3376 626 3449 ἥπερ
643 3382 754 3452 μεθῆκέ
765 3385 795 3452 μ’
817 3382 953 3441 ἐξιέναι
972 3378 1046 3456 πάσῃ
1065 3385 1155 3456 τέχνῃ.

136 3465 211 3520 Plut.
231 3468 265 3518 41
323 3470 496 3520 ΧΡΕΜΥΛ.
561 3464 614 3537 ὅτῳ
632 3463 825 3540 ξυναντήσαιμι
845 3470 954 3539 πρῶτον
972 3464 1082 3535 ἐξιών,

556 3555 661 3608 ἐκέλευε
678 3549 771 3608 τούτου
787 3553 827 3626 μὴ
845 3561 1001 3628 μεθίεσθαί
1017 3561 1047 3628 μ’
1066 3557 1113 3610 ἔτι.
1131 3540 1135 3547 .

236 3750 289 3814 Ex
321 3749 483 3834 exemplis
517 3748 621 3834 primo
658 3749 732 3814 loeo
768 3750 831 3830 (Ia
855 3760 888 3815 et
920 3751 955 3833 b)
987 3751 1155 3836 congestis
1188 3751 1237 3816 fa·

138 3851 201 3915 sile
224 3859 274 3913 est
296 3849 463 3912 intellectu
495 3848 604 3912 verbis
628 3844 1238 3935 εἰσιέναι-έρχεσθαι-βαίνειν-άγειν

138 3946 193 4015 κτὲ
213 3947 387 4012 histriones
411 3947 542 4010 domum
566 3947 731 4031 quandam
764 3950 921 4013 intrantes
955 3971 1104 4014 scaenam
1127 3970 1162 4013 se
1184 3972 1236 4015 re-

138 4050 271 4113 licturos
293 4069 364 4111 esse
387 4045 544 4128 iudicare,
565 4043 963 4134 ἑξιὲναι-έρχεσθαι-άγειν
985 4044 1041 4114 κτὲ
1062 4048 1172 4114 verbis
1198 4073 1235 4115 se

140 4151 174 4214 in
194 4145 355 4235 pulpitum
379 4145 512 4234 prodire
541 4167 582 4209 ex
611 4146 745 4212 aedibus
776 4148 996 4233 egredientes,
1029 4148 1237 4235 similemque
