2724 4958
660 282 699 344 16

169 467 202 551 [3
220 466 323 532 schol.
346 462 422 531 Pae.
436 464 498 529 819

212 562 232 633 ὁ
255 569 415 652 Τρυγαῖος
435 557 607 630 κατελθών
627 562 664 628 ἔκ
691 566 752 629 τοῦ
784 558 928 649 οὐρανοῦ
954 565 1008 631 καὶ
1041 559 1168 631 λοιπὸν
1195 567 1234 654 τῇ

210 664 297 754 οίκίηι
319 661 560 752 πλησιάσας..
583 714 591 730 .
615 663 640 747 .]

171 768 192 830 4
213 767 315 832 schol.
337 764 494 833 Raaew

209 865 243 932 έν
256 861 383 932 ’Ἀιδου
404 858 525 931 λοιπὸν
541 859 583 928 τά
605 859 789 949 πράγματα.

224 1042 280 1108 ΙΙΙ
303 1035 465 1124 μεταβολί
489 1043 548 1127 τῆς
571 1043 709 1127 σκηνῆς·
734 1033 961 1107 άλλοιοῦσθαι.

168 1177 185 1238 l
207 1175 308 1241 schol.
331 1173 487 1240 Rauen

206 1274 441 1360 μεταβέβληται
461 1270 481 1361 ἡ
503 1271 603 1361 σκηνῆ
627 1275 683 1340 καί
704 1274 832 1360 γέγονεν
855 1269 1020 1360 ὑπόγειος.

171 1377 203 1456 [2
224 1375 327 1440 schol.
351 1376 430 1442 Ren.
448 1377 505 1444 181

206 1474 349 1540 ἐνταῦθα
378 1473 414 1541 δέ
442 1477 501 1539 τοῦ
529 1476 649 1541 πλοίου
675 1467 842 1563 ὀφθέντος
864 1467 1068 1562 ἠλλοιῶσθαι
1094 1470 1159 1561 χρῆ
1174 1471 1233 1561 τῆν

207 1570 326 1661 σκηνῆν
346 1573 399 1641 καὶ
421 1567 503 1641 εἶναι
524 1573 605 1641 κατά
623 1573 681 1663 τῆν
701 1567 921 1662 Ἀχερουσίαν
944 1576 1058 1662 λίμνην
1079 1572 1150 1642 τὸν
1172 1571 1232 1642 τά·

206 1699 295 1740 πον.
341 1675 398 1740 έπὶ
428 1679 488 1741 τοῦ
515 1676 644 1761 λογείου
666 1671 687 1764 ἢ
708 1677 765 1743 έπί
786 1681 847 1763 τῆς
869 1669 1057 1763 ὀρχήστρας,
1088 1677 1231 1762 μηδέπω

207 1776 243 1843 δέ
264 1771 452 1860 ε’ν“Ἀιδου]

172 1876 208 1959 [3
234 1877 334 1942 schol.
357 1876 516 1943 Aeh.384

365 1971 373 1994 ἱ
423 1975 431 1997 Ι
557 1971 564 1993 Ι
675 1973 684 1996 t
729 1977 739 1999 ἱ
771 1977 778 1997 a
834 1973 842 1996 ἱ
907 1973 919 1998 2
948 1978 956 2000 Ι
1053 1977 1063 2000 ’λ
1134 1978 1142 2000 Ι

161 2032 168 2038 .
210 1976 374 2061 μεταβολη
396 1999 504 2061 γεγονε
527 2001 635 2043 τοπου
657 2002 702 2055 ως
722 2002 779 2043 επι
802 2002 863 2063 την
889 2003 994 2044 οικιαν
1017 1979 1231 2064 Ευριπιόου.]

228 2156 275 2219 IV
299 2154 339 2220 de
360 2155 499 2242 singulis
522 2178 661 2221 scaenae
684 2167 817 2223 ornatus
840 2161 986 2248 partibus
999 2165 1024 2203 ¹⁸

168 2292 184 2353 1
212 2289 312 2355 schol.
335 2288 412 2353 Pae.
426 2288 490 2353 234

206 2387 278 2457 έστι
299 2388 336 2457 δέ
358 2389 464 2456 τεκαὶ
486 2381 609 2475 ὀίντρον
630 2390 687 2456 ἐπὶ
708 2395 766 2478 τῆς
787 2397 913 2482 σκηνῆς.

165 2491 185 2554 2
207 2490 310 2556 schol.
332 2490 412 2575 Lya
427 2491 490 2555 864

205 2583 277 2655 α’πό
298 2592 358 2655 τοῦ
377 2588 506 2670 τείχους
525 2590 733 2655 κατελθοῦσα
754 2640 763 2656 .
786 2644 793 2658 .
818 2642 827 2658 .
849 2645 856 2660 .

226 2774 388 2839 Vutrum
420 2772 455 2837 in
478 2776 577 2861 logeo
600 2784 633 2840 et
664 2776 832 2841 orchestra
863 2801 904 2842 an
934 2779 969 2840 in
999 2779 1155 2846 maehina
1182 2783 1230 2847 hi·

322 2871 460 2937 striones
484 2882 592 2956 agant.

171 3008 187 3069 l
211 3005 313 3070 schol.
337 3004 420 3069 Aah.
433 3005 497 3068 410

209 3104 360 3194 φαίνεται
379 3098 442 3189 γάρ
466 3102 523 3169 έπὶ
544 3107 602 3190 τῆς
623 3109 741 3191 σκηνῆς
762 3107 937 3191 μετέωρος.

168 3205 188 3268 2
211 3205 311 3272 schol.
335 3203 411 3268 Pac.
425 3204 468 3268 80

205 3304 371 3388 μετέωρος
392 3303 428 3370 δέ
449 3299 577 3390 αίρετμι
600 3303 657 3371 ἐπὶ
679 3309 833 3392 μηχανῆς.

166 3406 187 3470 3
209 3404 312 3470 schol.
332 3404 407 3469 Pae.
421 3404 484 3469 234

208 3507 295 3570 νοεῖν
316 3505 368 3570 δεῖ
387 3498 445 3570 τάν
461 3509 620 3590 Τρυγαῖον
640 3497 875 3592 ὀποβεβηκὸτα
896 3509 956 3571 τοῦ
975 3500 1148 3590 κανθάρου
1173 3507 1232 3574 ἐπὶ

207 3606 265 3689 τῆς
287 3605 407 3688 σκηνῆς
427 3605 528 3668 ταῦτα
550 3603 662 3689 λέγειν.

167 3705 188 3768 4
208 3703 312 3768 sohel.
333 3703 484 3788 Lys.539

208 3799 333 3889 εἰσάγει
352 3796 455 3883 αὐτάς
480 3798 677 3890 ὀρχουμένας
698 3806 732 3872 έν
752 3810 792 3896 τῆ
814 3809 924 3896 σκηνῇ.

230 4017 265 4070 18
282 4015 389 4070 scholia
407 4015 438 4069 in
454 4017 608 4086 vesparum
626 4035 737 4073 versum
754 4020 807 4073 270
825 4016 967 4070 Ranarum
984 4033 1028 4070 vv.
1051 4018 1104 4072 180
1121 4021 1153 4070 et
1172 4021 1227 4073 269

127 4103 282 4172 similiaque
302 4103 436 4173 quaedam
457 4123 542 4174 quum
565 4105 636 4158 nihil
662 4104 720 4158 fere
744 4122 795 4157 noa
816 4104 961 4169 edoceant,
991 4103 1150 4159 omittenda
1177 4107 1231 4162 hoe

125 4192 187 4245 loco
207 4207 315 4246 censeo.
