2724 4958
661 296 699 358 12

216 501 392 550 ,mim
421 476 516 566 ἡμεῖς
537 479 573 544 δὲ
594 483 701 544 ταῖσιν
718 468 831 556 ἄλλοις
851 483 958 544 ταῖσιν
977 479 1010 545 ἐν
1032 475 1131 546 πόλει

422 574 671 663 ξυνεμβάλωμεν
692 573 852 645 εἰσιοῦσαι
871 579 948 657 τούς
962 575 1115 662 μοχλούς.

128 704 223 768 quem
247 704 379 746 versum
401 683 446 746 ita
467 679 750 767 interpretandum
782 701 853 744 csse
881 689 969 766 puto,
1001 689 1037 742 ut
1066 677 1229 745 εἰσιοῦσαι

127 781 333 869 participium
358 780 565 846 nullomodo
588 779 629 843 ad
643 802 712 843 rem
733 781 913 845 scaenicam
937 789 1081 867 spectet:
1107 781 1230 844 ‘arcem

130 881 287 946 intrantes
310 905 382 946 cum
403 880 605 962 mulieribus,
628 901 710 964 quae
728 902 798 943 eam
816 880 879 942 iam
893 891 1231 967 praeoccupaverant,

128 982 240 1046 ianuas
262 981 477 1046 claudemus’.

227 1081 333 1150 Simili
355 1083 480 1145 ratione
504 1103 567 1165 qua
589 1088 788 1145 constantem
812 1080 883 1145 fere
911 1103 1005 1145 usum
1027 1077 1161 1146 εἰσιέναι
1198 1090 1232 1146 ct

129 1181 245 1263 ἐξιέναι
275 1184 453 1247 vorborum
484 1190 593 1245 servat
622 1180 858 1267 Aristophanes
892 1181 962 1244 aliis
996 1181 1092 1246 etiam
1126 1183 1231 1246 utitur

129 1281 238 1346 verbis
264 1281 380 1367 quibus
405 1283 526 1346 intrare
541 1291 573 1344 et
589 1281 777 1364 relinquere
791 1303 938 1346 scaenam
953 1281 1130 1366 significet,
1147 1307 1231 1367 προ-

128 1381 230 1448 σιέναι
250 1382 439 1469 imprimisw
476 1381 586 1446 Facile
608 1403 652 1445 cx
674 1381 836 1466 exemplis
861 1382 968 1446 statim
991 1384 1231 1470 componendis

128 1481 303 1567 intelleges
326 1503 406 1547 voce
428 1481 674 1566 προσέρχεσθαι
702 1480 836 1545 indicari
869 1482 1040 1547 histriones
1062 1483 1231 1570 pulpitum

128 1580 252 1646 intrare
273 1604 333 1668 per
353 1582 475 1646 aditum
488 1583 543 1646 vel
567 1582 720 1646 doxtrum
744 1582 798 1646 vel
820 1582 1032 1664 sinistrum¹⁵‚
1069 1605 1136 1647 non
1172 1607 1233 1671 per

129 1702 266 1744 scaenae
290 1691 425 1768 portam.
446 1681 502 1763 (cf.
524 1702 554 1767 p.
568 1681 624 1761 38)
720 1714 723 1719 ¹

127 1863 293 1933 Eq.146*¹⁶
310 1870 470 1920 01ΚΕΤ.Β
549 1907 579 1920 ..
601 1832 711 1922 ..diti
732 1865 783 1919 ὁδὶ
801 1871 1042 1937 προσέρχεται

557 1949 650 2024 ὥσπερ
669 1951 737 2006 κατὰ
755 1952 824 2008 θεὸν
841 1958 880 2014 εἰς
897 1948 1008 2024 ἀγοράν.

128 2037 178 2106 Eq.
191 2040 242 2092 891
314 2044 493 2095 AAAANT.
556 2038 682 2113 καὶμὴν
707 2041 722 2095 ὁ
752 2034 918 2113 Παφλαγὼν
951 2039 1045 2095 οὑτοσὶ
1078 2047 1232 2112 προσέρ-

912 2132 920 2146 ’
1039 2145 1126 2182 erat.

556 2215 596 2283 (ἐκ
607 2214 830 2282 floulirscilicet
849 2232 904 2268 non
919 2149 1060 2269 comazon
1079 2233 1105 2269 v.
1115 2218 1169 2269 475
1179 2215 1232 2285 sq.)

128 2298 209 2368 Vesp.
228 2301 296 2353 1324
314 2300 440 2359 ΞΑΝΘΙ.
550 2299 596 2356 ὁδὶ
621 2303 653 2356 δὲ
662 2299 760 2363 καύτὸς
770 2300 964 2375 σφαλλόμενος
981 2307 1230 2373 προσέρχεται.

550 2390 597 2460 (ab
609 2392 697 2460 epulis
708 2391 782 2445 enim
792 2391 868 2446 redit
877 2391 1033 2459 Philocleo;
1052 2391 1088 2446 cf.
1098 2408 1124 2444 v.
1138 2393 1221 2462 1322)

126 2475 441 2546 Vesp.1508*EAN9n
550 2483 806 2550 προσέρχεται
831 2479 884 2552 γὰρ
910 2481 999 2553 ἕτερος
1022 2473 1056 2532 αὖ
1077 2481 1133 2534 νῶν
1152 2488 1230 2552 Καρ-

712 2605 716 2611 -
1041 2573 1126 2622 νίνου.

128 2652 190 2706 Pan.
203 2652 287 2707 1043*
320 2658 463 2708 ΤΡΥΓΑῙ.
555 2695 669 2711 .....
691 2661 737 2710 καὶ
755 2654 809 2728 γὰρ
827 2656 920 2711 οὑτοσὶ

552 2748 666 2813 προσέ
670 2763 685 2813 ρ
690 2762 796 2814 χεται
816 2739 908 2817 δάφνῃ
924 2765 963 2805 uc
988 2745 1229 2817 ἐστεφανωμένος.

129 2826 193 2882 Pac.
216 2828 299 2881 1208*
327 2833 471 2882 ΤΡΥΓΑΙ.
557 2869 563 2882 .
603 2872 609 2885 .
645 2871 651 2884 .
689 2829 803 2902 καὶγὰρ
822 2830 915 2886 οὑτοσὶ

557 2912 652 2971 ὅπλων
661 2913 781 2986 κάπηλος
799 2915 959 2992 ἀχθόμενος
976 2924 1229 2993 προσέρχεται.

130 3001 180 3054 Αν.
203 3001 286 3054 1312*
314 3006 467 3056 ΠΙΣΘΕΤ.
551 3001 606 3074 ἐγὼ
626 3004 650 3058 d’
662 3003 843 3066 ἔκείνωντοὺς
860 3001 1080 3077 προσιόντας
1098 3009 1228 3080 δέξομαι.

129 3088 178 3142 Av.
204 3087 287 3145 1340*
314 3093 467 3144 ΠῙΣΘΕΤ.
554 3086 630 3163 ᾄδων
646 3089 700 3164 γὰρ
711 3090 760 3147 ὅδε
777 3115 816 3153 τις
836 3090 933 3153 ἀετοὺς
950 3099 1207 3166 προσέρχεται.

129 3176 180 3228 Av.
202 3175 286 3228 1414*
313 3180 467 3232 ΠΙΣΘΕΤ.
553 3174 595 3233 ὅδ’
621 3172 655 3232 αὖ
672 3186 818 3251 μινυρίζων
827 3177 907 3252 δεῦρό
916 3202 955 3242 τις
972 3186 1107 3250 προσέρ
1111 3201 1230 3253 χεται.

128 3261 179 3316 Av.
201 3263 285 3319 1709*
309 3269 445 3320 ΛΓΓΕΛ.
548 3271 785 3338 προσέρχεται
806 3266 859 3339 γὰρ
885 3265 942 3328 οἶος
960 3266 1024 3322 οὐδὲ
1041 3267 1184 3340 παμφαὴς

181 3380 184 3385 ·
552 3351 637 3425 ἀστὴρ
654 3355 725 3410 ἰδεῖν
743 3357 853 3427 ἔλαμψε
869 3362 1023 3427 χρυσαυγεῖ
1041 3349 1131 3427 δόμῳ.

129 3434 193 3503 Lys.
215 3437 249 3490 65
319 3443 464 3494 ΚΑΛΛΟ.
554 3437 621 3511 ἀτὰρ
649 3442 710 3494 αἵδε
739 3446 784 3494 καὶ
815 3437 848 3510 δή
886 3458 930 3495 σοι
957 3446 1234 3513 προσέρχονταί

1012 3547 1089 3588 Τίνες.

554 3611 813 3686 (Ἀναγυρουντόθεν
831 3616 958 3685 veniunt3
974 3616 1008 3672 cl.
1027 3635 1053 3672 v.
1072 3619 1118 3684 67)

129 3699 192 3767 Lys.
216 3701 268 3753 77*
321 3708 475 3756 ΜΥΡΡΙΝ.
562 3702 609 3770 ἡδὶ
628 3705 658 3758 δὲ
681 3709 726 3758 καὶ
745 3702 779 3773 δὴ
796 3701 937 3777 Λαμπιτὼ
959 3708 1211 3775 προσέρχεται.

231 3943 265 3996 15
284 3939 378 3994 dextri
396 3946 425 3995 et
444 3942 551 4019 sinistri
576 3944 744 4010 nominibus,
773 3944 1003 4012 quandocumque
1030 3947 1104 4007 utor,
1133 3943 1252 4002 locum.

32 4018 35 4025 ’
130 4043 238 4095 semper
255 4030 338 4082 teneo
355 4033 553 4099 spectatorum.

233 4119 265 4171 16
283 4118 412 4173 versibus
426 4119 530 4188 quibus
554 4119 753 4175 asteriscum*
773 4119 889 4189 apposui
912 4117 1064 4172 histriones
1091 4135 1150 4171 non
1176 4137 1229 4188 per

131 4219 245 4258 scaenae
265 4205 386 4274 aliquam
403 4212 516 4276 portam
533 4208 638 4263 intrare
656 4225 737 4279 posse
753 4208 807 4263 tibi
824 4224 987 4278 persuasum
1004 4204 1131 4261 habebis.
1201 4258 1204 4265 i
