2724 4958
660 278 702 344 65

125 462 291 538 πρόσπολός
299 486 339 525 τις
355 468 400 533 τῆς
409 471 465 520 Λυ-
529 465 579 518 199
669 461 694 515 A

128 549 275 624 σιστράτης

527 637 580 688 244
670 634 695 688 Ε
831 630 972 706 Λαμπιτώ

530 723 583 775 253
672 718 735 772 D⁹³
833 719 937 774 caeteri
966 720 1015 788 qui
1039 722 1104 773 sunt
1122 719 1152 773 in
1170 720 1231 789 pnl-

890 807 951 876 pito
969 806 1122 860 histriones

510 990 650 1034 scaenae
675 968 811 1032 mutatio

123 1129 213 1205 χορὸς
229 1124 366 1200 γερόντων
529 1127 582 1179 254
673 1123 697 1176 F

128 1216 217 1291 χορὸς
233 1217 370 1288 γυναικῶν
531 1215 583 1266 319
673 1211 697 1263 D

126 1300 281 1376 πρόβουλος
300 1298 404 1362 τοξόται
417 1299 442 1331 ⁹⁴
533 1301 585 1353 386

128 1387 306 1461 Λυσιστράτη
532 1389 586 1440 430

126 1475 197 1550 γυνή
215 1473 241 1531 α’
259 1475 413 1548 (Meinekii)
530 1476 584 1527 439

127 1561 199 1637 γυνή
217 1561 243 1635 μ’
261 1563 417 1632 (Mainake)
527 1563 581 1614 443

128 1659 258 1725 γυναῖκες
530 1648 583 1699 456

530 1736 583 1787 610
832 1727 985 1800 πρόβουλος
1001 1725 1107 1790 τοξόται

528 1823 580 1874 613
829 1813 1003 1888 Λυσιστράτη
1023 1825 1150 1888 γυναῖκες

128 1907 306 1983 Λυσιστράτη
528 1910 581 1961 706

127 1996 198 2072 γυνή
216 1996 242 2053 α’
257 1999 282 2031 ⁹⁵
532 1999 583 2050 728

125 2086 198 2160 γυνη
218 2084 244 2157 β’
530 2087 582 2137 735

189 2176 197 2192 '
234 2175 240 2191 '
529 2176 580 2227 742

527 2262 581 2314 760

527 2349 582 2399 780

667 1298 702 2397 »>—··s>=³=-t»e»=»e

835 2338 1008 2413 Λυσιστράτη
1025 2350 1117 2413 γυναῖ-

899 2425 1119 2499 mats&

531 2523 584 2591 829
615 2560 627 2583 .
674 2519 715 2572 A*

128 2612 199 2688 γυνή
217 2620 345 2685 Μυρρίνη
529 2613 582 2664 830
671 2609 713 2661 Α*

528 2699 581 2751 844
669 2698 710 2749 Α*
826 2693 894 2767 γυνή
914 2702 1042 2768 Μυρρίνη

131 2793 265 2857 Κινησίας
283 2787 398 2841 παιδίον
528 2786 581 2837 845
670 2782 695 2835 D

343 2919 344 2923 ,
531 2874 583 2927 865
673 2871 714 2924 A*
835 2867 1009 2942 Λυσιστράτη
1091 2910 1094 2915 .

130 2967 260 3033 Μυρρίνη
528 2961 581 3012 870
669 2959 711 3012 Α*

531 3049 583 3101 885
671 3046 713 3098 A*
830 3053 957 3117 Μυρρίνη

130 3140 259 3208 Μυρρίνη
531 3137 583 3188 889
672 3133 697 3186 Α
1047 3135 1050 3143 '

232 3462 267 3514 93
286 3457 322 3513 of.
350 3473 421 3526 quae
451 3471 536 3524 supra
568 3455 603 3509 de
628 3472 726 3510 versus
755 3457 809 3509 246
827 3472 895 3511 vooe
923 3458 1057 3510 εἰσιοῦσαι
1086 3457 1229 3528 disputavi

130 3549 170 3617 (n-
184 3551 216 3600 11
236 3551 298 3615 sa)-

236 3636 271 3687 94
289 3632 454 3702 de-probnli
473 3633 666 3687 ministrorum
685 3648 801 3688 numero
828 3632 919 3686 varias
947 3634 1088 3687 variorum
1118 3651 1163 3688 vv.
1182 3633 1228 3686 dd.

131 3722 288 3776 sententias
307 3719 407 3775 afferre
423 3720 512 3789 deque
530 3722 570 3774 eis
588 3719 746 3789 disceptare
763 3736 821 3773 non
838 3722 965 3772 nostrum
982 3724 1034 3775 est.

232 3810 267 3862 95
285 3809 314 3861 in
332 3808 384 3862 hae
403 3825 532 3862 versuum
552 3809 691 3861 708-780
719 3807 793 3861 inter
810 3807 961 3862 histriones
982 3808 1180 3864 distributione
1199 3811 1230 3864 in

131 3897 294 3952 universum
314 3896 444 3950 Beerium
473 3900 586 3949 seoutns
614 3913 682 3960 sum,
716 3896 794 3949 onius
818 3896 957 3950 sententia
984 3896 1103 3952 caeteris
1130 3897 1230 3950 melior

131 3983 202 4038 mihi
223 3983 283 4038 visa
304 3987 355 4048 est,
375 4000 541 4052 qua-mquam
556 3987 673 4053 magnus
687 3983 855 4035 histrionum
874 3982 919 4037 vel
937 3983 1233 4052 paraohoregamatum

131 4089 205 4141 quae
226 4071 332 4133 dieunt,
359 4088 491 4126 numerus
508 4072 707 4141 impedimento
725 4070 794 4125 mihi
814 4074 866 4138 est,
893 4071 1040 4140 quominus
1064 4069 1186 4125 libenter
1204 4070 1230 4124 ei

131 4159 291 4214 assentiam.

1010 4245 1031 4309 5
